%YAML 1.1
%TAG !u! tag:unity3d.com,2011:
--- !u!1001 &100100000
Prefab:
  m_ObjectHideFlags: 1
  serializedVersion: 2
  m_Modification:
    m_TransformParent: {fileID: 0}
    m_Modifications: []
    m_RemovedComponents: []
  m_ParentPrefab: {fileID: 0}
  m_RootGameObject: {fileID: 1000013181142936}
  m_IsPrefabParent: 1
--- !u!1 &1000012447106902
GameObject:
  m_ObjectHideFlags: 0
  m_PrefabParentObject: {fileID: 0}
  m_PrefabInternal: {fileID: 100100000}
  serializedVersion: 4
  m_Component:
  - 4: {fileID: 4000012376518814}
  m_Layer: 0
  m_Name: RespawnPoint
  m_TagString: Untagged
  m_Icon: {fileID: -1412012063857583412, guid: 0000000000000000d000000000000000, type: 0}
  m_NavMeshLayer: 0
  m_StaticEditorFlags: 0
  m_IsActive: 1
--- !u!1 &1000013181142936
GameObject:
  m_ObjectHideFlags: 0
  m_PrefabParentObject: {fileID: 0}
  m_PrefabInternal: {fileID: 100100000}
  serializedVersion: 4
  m_Component:
  - 4: {fileID: 4000010609127170}
  - 114: {fileID: 114000013422220424}
  - 114: {fileID: 114000011929213412}
  - 114: {fileID: 114000011745156316}
  m_Layer: 0
  m_Name: _GM
  m_TagString: GM
  m_Icon: {fileID: 0}
  m_NavMeshLayer: 0
  m_StaticEditorFlags: 0
  m_IsActive: 1
--- !u!4 &4000010609127170
Transform:
  m_ObjectHideFlags: 1
  m_PrefabParentObject: {fileID: 0}
  m_PrefabInternal: {fileID: 100100000}
  m_GameObject: {fileID: 1000013181142936}
  m_LocalRotation: {x: -0, y: -0, z: -0, w: 1}
  m_LocalPosition: {x: -0.8000002, y: 13, z: 0}
  m_LocalScale: {x: 1, y: 1, z: 1}
  m_LocalEulerAnglesHint: {x: 0, y: 0, z: 0}
  m_Children:
  - {fileID: 4000012376518814}
  m_Father: {fileID: 0}
  m_RootOrder: 0
--- !u!4 &4000012376518814
Transform:
  m_ObjectHideFlags: 1
  m_PrefabParentObject: {fileID: 0}
  m_PrefabInternal: {fileID: 100100000}
  m_GameObject: {fileID: 1000012447106902}
  m_LocalRotation: {x: -0, y: -0, z: -0, w: 1}
  m_LocalPosition: {x: 10.55, y: 0.41, z: 0}
  m_LocalScale: {x: 1, y: 1, z: 1}
  m_LocalEulerAnglesHint: {x: 0, y: 0, z: 0}
  m_Children: []
  m_Father: {fileID: 4000010609127170}
  m_RootOrder: 0
--- !u!114 &114000011745156316
MonoBehaviour:
  m_ObjectHideFlags: 1
  m_PrefabParentObject: {fileID: 0}
  m_PrefabInternal: {fileID: 100100000}
  m_GameObject: {fileID: 1000013181142936}
  m_Enabled: 1
  m_EditorHideFlags: 0
  m_Script: {fileID: 11500000, guid: 3ec93ef0acb659a4a8ebaa8c79823993, type: 3}
  m_Name: 
  m_EditorClassIdentifier: 
  sounds:
  - name: Respawn
    clip: {fileID: 8300000, guid: 8db92ae534252e34bb1a90b2bd91fb0a, type: 3}
    volume: 1
    pitch: 0.85
    randomVolume: 0
    randomPitch: 0
    loop: 0
  - name: Spawn
    clip: {fileID: 8300000, guid: 2e974b8795aad724aa2660d0f1395c1f, type: 3}
    volume: 1
    pitch: 1.05
    randomVolume: 0
    randomPitch: 0
    loop: 0
  - name: mainGun
    clip: {fileID: 8300000, guid: f905b69f9e4bf79419c65673f9c26ccc, type: 3}
    volume: 1
    pitch: 1.5
    randomVolume: 0
    randomPitch: 0
    loop: 0
  - name: secondGun
    clip: {fileID: 8300000, guid: 29044b5b77cb8564f8619ab3af707339, type: 3}
    volume: 1
    pitch: 1.05
    randomVolume: 0
    randomPitch: 0
    loop: 0
--- !u!114 &114000011929213412
MonoBehaviour:
  m_ObjectHideFlags: 1
  m_PrefabParentObject: {fileID: 0}
  m_PrefabInternal: {fileID: 100100000}
  m_GameObject: {fileID: 1000013181142936}
  m_Enabled: 1
  m_EditorHideFlags: 0
  m_Script: {fileID: 11500000, guid: a32c0eb3cac7c1341b2ad04cd2cacc9e, type: 3}
  m_Name: 
  m_EditorClassIdentifier: 
  respawnCountdownSoundName: Respawn
  spawnSoundName: Spawn
  gameOverSoundName: GameOver
  maxLives: 3
  playerPrefab: {fileID: 4000011866036160, guid: c8a832e679404e34b8af6cba75c51d92,
    type: 2}
  spawnPoint: {fileID: 4000012376518814}
  spawnDelay: 3.5
  spawnPrefab: {fileID: 4000013060918258, guid: be30dbb418c09db4b892fc515c8142e0,
    type: 2}
  gameOverUI: {fileID: 0}
--- !u!114 &114000013422220424
MonoBehaviour:
  m_ObjectHideFlags: 1
  m_PrefabParentObject: {fileID: 0}
  m_PrefabInternal: {fileID: 100100000}
  m_GameObject: {fileID: 1000013181142936}
  m_Enabled: 1
  m_EditorHideFlags: 0
  m_Script: {fileID: 11500000, guid: 2a7687dd690581b40b5d8e4596223e5c, type: 3}
  m_Name: 
  m_EditorClassIdentifier: 
  backgrounds:
  - {fileID: 0}
  - {fileID: 0}
  - {fileID: 0}
  smoothing: 1
