%YAML 1.1
%TAG !u! tag:unity3d.com,2011:
--- !u!29 &1
SceneSettings:
  m_ObjectHideFlags: 0
  m_PVSData: 
  m_PVSObjectsArray: []
  m_PVSPortalsArray: []
  m_OcclusionBakeSettings:
    smallestOccluder: 5
    smallestHole: 0.25
    backfaceThreshold: 100
--- !u!104 &2
RenderSettings:
  m_ObjectHideFlags: 0
  serializedVersion: 7
  m_Fog: 0
  m_FogColor: {r: 0.5, g: 0.5, b: 0.5, a: 1}
  m_FogMode: 3
  m_FogDensity: 0.01
  m_LinearFogStart: 0
  m_LinearFogEnd: 300
  m_AmbientSkyColor: {r: 0.212, g: 0.227, b: 0.259, a: 1}
  m_AmbientEquatorColor: {r: 0.114, g: 0.125, b: 0.133, a: 1}
  m_AmbientGroundColor: {r: 0.047, g: 0.043, b: 0.035, a: 1}
  m_AmbientIntensity: 1
  m_AmbientMode: 0
  m_SkyboxMaterial: {fileID: 10304, guid: 0000000000000000f000000000000000, type: 0}
  m_HaloStrength: 0.5
  m_FlareStrength: 1
  m_FlareFadeSpeed: 3
  m_HaloTexture: {fileID: 0}
  m_SpotCookie: {fileID: 10001, guid: 0000000000000000e000000000000000, type: 0}
  m_DefaultReflectionMode: 0
  m_DefaultReflectionResolution: 128
  m_ReflectionBounces: 1
  m_ReflectionIntensity: 1
  m_CustomReflection: {fileID: 0}
  m_Sun: {fileID: 0}
  m_IndirectSpecularColor: {r: 0.37356585, g: 0.3811212, b: 0.3588764, a: 1}
--- !u!157 &3
LightmapSettings:
  m_ObjectHideFlags: 0
  serializedVersion: 7
  m_GIWorkflowMode: 0
  m_GISettings:
    serializedVersion: 2
    m_BounceScale: 1
    m_IndirectOutputScale: 1
    m_AlbedoBoost: 1
    m_TemporalCoherenceThreshold: 1
    m_EnvironmentLightingMode: 0
    m_EnableBakedLightmaps: 1
    m_EnableRealtimeLightmaps: 1
  m_LightmapEditorSettings:
    serializedVersion: 4
    m_Resolution: 2
    m_BakeResolution: 40
    m_TextureWidth: 1024
    m_TextureHeight: 1024
    m_AO: 0
    m_AOMaxDistance: 1
    m_CompAOExponent: 1
    m_CompAOExponentDirect: 0
    m_Padding: 2
    m_LightmapParameters: {fileID: 0}
    m_LightmapsBakeMode: 1
    m_TextureCompression: 1
    m_DirectLightInLightProbes: 1
    m_FinalGather: 0
    m_FinalGatherFiltering: 1
    m_FinalGatherRayCount: 256
    m_ReflectionCompression: 2
  m_LightingDataAsset: {fileID: 0}
  m_RuntimeCPUUsage: 25
--- !u!196 &4
NavMeshSettings:
  serializedVersion: 2
  m_ObjectHideFlags: 0
  m_BuildSettings:
    serializedVersion: 2
    agentRadius: 0.5
    agentHeight: 2
    agentSlope: 45
    agentClimb: 0.4
    ledgeDropHeight: 0
    maxJumpAcrossDistance: 0
    accuratePlacement: 0
    minRegionArea: 2
    cellSize: 0.16666667
    manualCellSize: 0
  m_NavMeshData: {fileID: 0}
--- !u!4 &31447928 stripped
Transform:
  m_PrefabParentObject: {fileID: 4000011820349012, guid: efa38e41d2862ed4fb9ce5440e8afc5b,
    type: 2}
  m_PrefabInternal: {fileID: 1914310458}
--- !u!1 &36408249 stripped
GameObject:
  m_PrefabParentObject: {fileID: 1000013545964336, guid: e312fdb2b2c743f4a989d0b993f2420b,
    type: 2}
  m_PrefabInternal: {fileID: 840744571}
--- !u!1 &65519029
GameObject:
  m_ObjectHideFlags: 0
  m_PrefabParentObject: {fileID: 0}
  m_PrefabInternal: {fileID: 0}
  serializedVersion: 4
  m_Component:
  - 4: {fileID: 65519030}
  m_Layer: 15
  m_Name: GameObject
  m_TagString: Untagged
  m_Icon: {fileID: 0}
  m_NavMeshLayer: 0
  m_StaticEditorFlags: 0
  m_IsActive: 1
--- !u!4 &65519030
Transform:
  m_ObjectHideFlags: 0
  m_PrefabParentObject: {fileID: 0}
  m_PrefabInternal: {fileID: 0}
  m_GameObject: {fileID: 65519029}
  m_LocalRotation: {x: 0, y: 0, z: 0, w: 1}
  m_LocalPosition: {x: 0, y: 0, z: 0}
  m_LocalScale: {x: 1, y: 1, z: 1}
  m_LocalEulerAnglesHint: {x: 0, y: 0, z: 0}
  m_Children: []
  m_Father: {fileID: 1049779388}
  m_RootOrder: 0
--- !u!1001 &113742236
Prefab:
  m_ObjectHideFlags: 0
  serializedVersion: 2
  m_Modification:
    m_TransformParent: {fileID: 0}
    m_Modifications:
    - target: {fileID: 4000011866036160, guid: c8a832e679404e34b8af6cba75c51d92, type: 2}
      propertyPath: m_LocalPosition.x
      value: 8
      objectReference: {fileID: 0}
    - target: {fileID: 4000011866036160, guid: c8a832e679404e34b8af6cba75c51d92, type: 2}
      propertyPath: m_LocalPosition.y
      value: 13.5
      objectReference: {fileID: 0}
    - target: {fileID: 4000011866036160, guid: c8a832e679404e34b8af6cba75c51d92, type: 2}
      propertyPath: m_LocalPosition.z
      value: 0
      objectReference: {fileID: 0}
    - target: {fileID: 4000011866036160, guid: c8a832e679404e34b8af6cba75c51d92, type: 2}
      propertyPath: m_LocalRotation.x
      value: 0
      objectReference: {fileID: 0}
    - target: {fileID: 4000011866036160, guid: c8a832e679404e34b8af6cba75c51d92, type: 2}
      propertyPath: m_LocalRotation.y
      value: 0
      objectReference: {fileID: 0}
    - target: {fileID: 4000011866036160, guid: c8a832e679404e34b8af6cba75c51d92, type: 2}
      propertyPath: m_LocalRotation.z
      value: 0
      objectReference: {fileID: 0}
    - target: {fileID: 4000011866036160, guid: c8a832e679404e34b8af6cba75c51d92, type: 2}
      propertyPath: m_LocalRotation.w
      value: 1
      objectReference: {fileID: 0}
    - target: {fileID: 4000011866036160, guid: c8a832e679404e34b8af6cba75c51d92, type: 2}
      propertyPath: m_RootOrder
      value: 4
      objectReference: {fileID: 0}
    - target: {fileID: 4000011935488120, guid: c8a832e679404e34b8af6cba75c51d92, type: 2}
      propertyPath: m_RootOrder
      value: 1
      objectReference: {fileID: 0}
    - target: {fileID: 4000011935488120, guid: c8a832e679404e34b8af6cba75c51d92, type: 2}
      propertyPath: m_LocalPosition.y
      value: 13.59
      objectReference: {fileID: 0}
    - target: {fileID: 4000011935488120, guid: c8a832e679404e34b8af6cba75c51d92, type: 2}
      propertyPath: m_LocalPosition.x
      value: 8.5
      objectReference: {fileID: 0}
    - target: {fileID: 4000011063422828, guid: c8a832e679404e34b8af6cba75c51d92, type: 2}
      propertyPath: m_LocalPosition.y
      value: 13.8
      objectReference: {fileID: 0}
    - target: {fileID: 4000011063422828, guid: c8a832e679404e34b8af6cba75c51d92, type: 2}
      propertyPath: m_RootOrder
      value: 1
      objectReference: {fileID: 0}
    - target: {fileID: 4000011063422828, guid: c8a832e679404e34b8af6cba75c51d92, type: 2}
      propertyPath: m_LocalPosition.x
      value: 10.07
      objectReference: {fileID: 0}
    m_RemovedComponents: []
  m_ParentPrefab: {fileID: 100100000, guid: c8a832e679404e34b8af6cba75c51d92, type: 2}
  m_IsPrefabParent: 0
--- !u!1001 &202277460
Prefab:
  m_ObjectHideFlags: 0
  serializedVersion: 2
  m_Modification:
    m_TransformParent: {fileID: 0}
    m_Modifications:
    - target: {fileID: 4000012894682190, guid: cb768fbc3d2824243ab353f9e6a3e98a, type: 2}
      propertyPath: m_LocalPosition.x
      value: -4.7
      objectReference: {fileID: 0}
    - target: {fileID: 4000012894682190, guid: cb768fbc3d2824243ab353f9e6a3e98a, type: 2}
      propertyPath: m_LocalPosition.y
      value: 14.3
      objectReference: {fileID: 0}
    - target: {fileID: 4000012894682190, guid: cb768fbc3d2824243ab353f9e6a3e98a, type: 2}
      propertyPath: m_LocalPosition.z
      value: -16.3
      objectReference: {fileID: 0}
    - target: {fileID: 4000012894682190, guid: cb768fbc3d2824243ab353f9e6a3e98a, type: 2}
      propertyPath: m_LocalRotation.x
      value: 0
      objectReference: {fileID: 0}
    - target: {fileID: 4000012894682190, guid: cb768fbc3d2824243ab353f9e6a3e98a, type: 2}
      propertyPath: m_LocalRotation.y
      value: 0
      objectReference: {fileID: 0}
    - target: {fileID: 4000012894682190, guid: cb768fbc3d2824243ab353f9e6a3e98a, type: 2}
      propertyPath: m_LocalRotation.z
      value: 0
      objectReference: {fileID: 0}
    - target: {fileID: 4000012894682190, guid: cb768fbc3d2824243ab353f9e6a3e98a, type: 2}
      propertyPath: m_LocalRotation.w
      value: 1
      objectReference: {fileID: 0}
    - target: {fileID: 4000012894682190, guid: cb768fbc3d2824243ab353f9e6a3e98a, type: 2}
      propertyPath: m_RootOrder
      value: 3
      objectReference: {fileID: 0}
    - target: {fileID: 114000010321007462, guid: cb768fbc3d2824243ab353f9e6a3e98a,
        type: 2}
      propertyPath: target
      value: 
      objectReference: {fileID: 0}
    - target: {fileID: 1000013903623604, guid: cb768fbc3d2824243ab353f9e6a3e98a, type: 2}
      propertyPath: m_Name
      value: Main Camera
      objectReference: {fileID: 0}
    m_RemovedComponents: []
  m_ParentPrefab: {fileID: 100100000, guid: cb768fbc3d2824243ab353f9e6a3e98a, type: 2}
  m_IsPrefabParent: 0
--- !u!4 &227923507 stripped
Transform:
  m_PrefabParentObject: {fileID: 4000012428373656, guid: 39b3696ceaf8f444788e2de7ae0de5fa,
    type: 2}
  m_PrefabInternal: {fileID: 1132265319}
--- !u!1 &230541858
GameObject:
  m_ObjectHideFlags: 0
  m_PrefabParentObject: {fileID: 0}
  m_PrefabInternal: {fileID: 0}
  serializedVersion: 4
  m_Component:
  - 4: {fileID: 230541860}
  - 212: {fileID: 230541859}
  - 60: {fileID: 230541861}
  m_Layer: 15
  m_Name: Platform02 (1)
  m_TagString: Untagged
  m_Icon: {fileID: 0}
  m_NavMeshLayer: 0
  m_StaticEditorFlags: 0
  m_IsActive: 1
--- !u!212 &230541859
SpriteRenderer:
  m_ObjectHideFlags: 0
  m_PrefabParentObject: {fileID: 0}
  m_PrefabInternal: {fileID: 0}
  m_GameObject: {fileID: 230541858}
  m_Enabled: 1
  m_CastShadows: 0
  m_ReceiveShadows: 0
  m_MotionVectors: 1
  m_LightProbeUsage: 0
  m_ReflectionProbeUsage: 0
  m_Materials:
  - {fileID: 10754, guid: 0000000000000000f000000000000000, type: 0}
  m_SubsetIndices: 
  m_StaticBatchRoot: {fileID: 0}
  m_ProbeAnchor: {fileID: 0}
  m_LightProbeVolumeOverride: {fileID: 0}
  m_ScaleInLightmap: 1
  m_PreserveUVs: 0
  m_IgnoreNormalsForChartDetection: 0
  m_ImportantGI: 0
  m_SelectedWireframeHidden: 1
  m_MinimumChartSize: 4
  m_AutoUVMaxDistance: 0.5
  m_AutoUVMaxAngle: 89
  m_LightmapParameters: {fileID: 0}
  m_SortingLayerID: 0
  m_SortingOrder: 0
  m_Sprite: {fileID: 21300008, guid: 0fd8c047ee6be8b4c974b463cec3b427, type: 3}
  m_Color: {r: 1, g: 1, b: 1, a: 1}
  m_FlipX: 0
  m_FlipY: 0
--- !u!4 &230541860
Transform:
  m_ObjectHideFlags: 0
  m_PrefabParentObject: {fileID: 0}
  m_PrefabInternal: {fileID: 0}
  m_GameObject: {fileID: 230541858}
  m_LocalRotation: {x: -0, y: -0, z: -0, w: 1}
  m_LocalPosition: {x: -24.5, y: -0.93, z: 0}
  m_LocalScale: {x: 1, y: 1, z: 1}
  m_LocalEulerAnglesHint: {x: 0, y: 0, z: 0}
  m_Children: []
  m_Father: {fileID: 330316739}
  m_RootOrder: 6
--- !u!60 &230541861
PolygonCollider2D:
  m_ObjectHideFlags: 0
  m_PrefabParentObject: {fileID: 0}
  m_PrefabInternal: {fileID: 0}
  m_GameObject: {fileID: 230541858}
  m_Enabled: 1
  m_Density: 1
  m_Material: {fileID: 0}
  m_IsTrigger: 0
  m_UsedByEffector: 0
  m_Offset: {x: 0, y: 0}
  m_Points:
    m_Paths:
    - - {x: -2.4, y: 5.9}
      - {x: -2.4, y: 5.3}
      - {x: -0.6, y: 3.5}
      - {x: -0.8, y: -5.9}
      - {x: 2, y: -5.9}
      - {x: 1.4, y: 3.7}
      - {x: 2.4, y: 5.1}
      - {x: 2.4, y: 5.9}
--- !u!1001 &247503759
Prefab:
  m_ObjectHideFlags: 0
  serializedVersion: 2
  m_Modification:
    m_TransformParent: {fileID: 1714295481}
    m_Modifications:
    - target: {fileID: 4000011820349012, guid: efa38e41d2862ed4fb9ce5440e8afc5b, type: 2}
      propertyPath: m_LocalPosition.x
      value: -5.35
      objectReference: {fileID: 0}
    - target: {fileID: 4000011820349012, guid: efa38e41d2862ed4fb9ce5440e8afc5b, type: 2}
      propertyPath: m_LocalPosition.y
      value: -1.2299995
      objectReference: {fileID: 0}
    - target: {fileID: 4000011820349012, guid: efa38e41d2862ed4fb9ce5440e8afc5b, type: 2}
      propertyPath: m_LocalPosition.z
      value: 0
      objectReference: {fileID: 0}
    - target: {fileID: 4000011820349012, guid: efa38e41d2862ed4fb9ce5440e8afc5b, type: 2}
      propertyPath: m_LocalRotation.x
      value: -0
      objectReference: {fileID: 0}
    - target: {fileID: 4000011820349012, guid: efa38e41d2862ed4fb9ce5440e8afc5b, type: 2}
      propertyPath: m_LocalRotation.y
      value: -0
      objectReference: {fileID: 0}
    - target: {fileID: 4000011820349012, guid: efa38e41d2862ed4fb9ce5440e8afc5b, type: 2}
      propertyPath: m_LocalRotation.z
      value: -0
      objectReference: {fileID: 0}
    - target: {fileID: 4000011820349012, guid: efa38e41d2862ed4fb9ce5440e8afc5b, type: 2}
      propertyPath: m_LocalRotation.w
      value: 1
      objectReference: {fileID: 0}
    - target: {fileID: 4000011820349012, guid: efa38e41d2862ed4fb9ce5440e8afc5b, type: 2}
      propertyPath: m_RootOrder
      value: 0
      objectReference: {fileID: 0}
    - target: {fileID: 1000012477488432, guid: efa38e41d2862ed4fb9ce5440e8afc5b, type: 2}
      propertyPath: m_TagString
      value: Spike
      objectReference: {fileID: 0}
    - target: {fileID: 61000013417890692, guid: efa38e41d2862ed4fb9ce5440e8afc5b,
        type: 2}
      propertyPath: m_IsTrigger
      value: 1
      objectReference: {fileID: 0}
    - target: {fileID: 1000012477488432, guid: efa38e41d2862ed4fb9ce5440e8afc5b, type: 2}
      propertyPath: m_Layer
      value: 14
      objectReference: {fileID: 0}
    m_RemovedComponents: []
  m_ParentPrefab: {fileID: 100100000, guid: efa38e41d2862ed4fb9ce5440e8afc5b, type: 2}
  m_IsPrefabParent: 0
--- !u!1 &260659306
GameObject:
  m_ObjectHideFlags: 0
  m_PrefabParentObject: {fileID: 0}
  m_PrefabInternal: {fileID: 0}
  serializedVersion: 4
  m_Component:
  - 4: {fileID: 260659309}
  - 212: {fileID: 260659308}
  - 60: {fileID: 260659307}
  m_Layer: 9
  m_Name: Platform02 (1)
  m_TagString: Untagged
  m_Icon: {fileID: 0}
  m_NavMeshLayer: 0
  m_StaticEditorFlags: 0
  m_IsActive: 1
--- !u!60 &260659307
PolygonCollider2D:
  m_ObjectHideFlags: 0
  m_PrefabParentObject: {fileID: 0}
  m_PrefabInternal: {fileID: 0}
  m_GameObject: {fileID: 260659306}
  m_Enabled: 1
  m_Density: 1
  m_Material: {fileID: 0}
  m_IsTrigger: 0
  m_UsedByEffector: 0
  m_Offset: {x: 0, y: 0}
  m_Points:
    m_Paths:
    - - {x: -2.4, y: 5.9}
      - {x: -2.4, y: 5.3}
      - {x: -0.6, y: 3.5}
      - {x: -0.8, y: -5.9}
      - {x: 2, y: -5.9}
      - {x: 1.4, y: 3.7}
      - {x: 2.4, y: 5.1}
      - {x: 2.4, y: 5.9}
--- !u!212 &260659308
SpriteRenderer:
  m_ObjectHideFlags: 0
  m_PrefabParentObject: {fileID: 0}
  m_PrefabInternal: {fileID: 0}
  m_GameObject: {fileID: 260659306}
  m_Enabled: 1
  m_CastShadows: 0
  m_ReceiveShadows: 0
  m_MotionVectors: 1
  m_LightProbeUsage: 0
  m_ReflectionProbeUsage: 0
  m_Materials:
  - {fileID: 10754, guid: 0000000000000000f000000000000000, type: 0}
  m_SubsetIndices: 
  m_StaticBatchRoot: {fileID: 0}
  m_ProbeAnchor: {fileID: 0}
  m_LightProbeVolumeOverride: {fileID: 0}
  m_ScaleInLightmap: 1
  m_PreserveUVs: 0
  m_IgnoreNormalsForChartDetection: 0
  m_ImportantGI: 0
  m_SelectedWireframeHidden: 1
  m_MinimumChartSize: 4
  m_AutoUVMaxDistance: 0.5
  m_AutoUVMaxAngle: 89
  m_LightmapParameters: {fileID: 0}
  m_SortingLayerID: 0
  m_SortingOrder: 0
  m_Sprite: {fileID: 21300008, guid: 0fd8c047ee6be8b4c974b463cec3b427, type: 3}
  m_Color: {r: 1, g: 1, b: 1, a: 1}
  m_FlipX: 0
  m_FlipY: 0
--- !u!4 &260659309
Transform:
  m_ObjectHideFlags: 0
  m_PrefabParentObject: {fileID: 0}
  m_PrefabInternal: {fileID: 0}
  m_GameObject: {fileID: 260659306}
  m_LocalRotation: {x: -0, y: -0, z: -0, w: 1}
  m_LocalPosition: {x: -0.96, y: 5.07, z: 0}
  m_LocalScale: {x: 1, y: 1, z: 1}
  m_LocalEulerAnglesHint: {x: 0, y: 0, z: 0}
  m_Children: []
  m_Father: {fileID: 0}
  m_RootOrder: 12
--- !u!1 &330316738
GameObject:
  m_ObjectHideFlags: 0
  m_PrefabParentObject: {fileID: 0}
  m_PrefabInternal: {fileID: 0}
  serializedVersion: 4
  m_Component:
  - 4: {fileID: 330316739}
  m_Layer: 15
  m_Name: Platform
  m_TagString: Untagged
  m_Icon: {fileID: 0}
  m_NavMeshLayer: 0
  m_StaticEditorFlags: 0
  m_IsActive: 1
--- !u!4 &330316739
Transform:
  m_ObjectHideFlags: 0
  m_PrefabParentObject: {fileID: 0}
  m_PrefabInternal: {fileID: 0}
  m_GameObject: {fileID: 330316738}
  m_LocalRotation: {x: -0, y: -0, z: -0, w: 1}
  m_LocalPosition: {x: 28.57885, y: 6, z: 0}
  m_LocalScale: {x: 1, y: 1, z: 1}
  m_LocalEulerAnglesHint: {x: 0, y: 0, z: 0}
  m_Children:
  - {fileID: 1547920736}
  - {fileID: 1014369600}
  - {fileID: 2071742251}
  - {fileID: 410215137}
  - {fileID: 1507446640}
  - {fileID: 1608240962}
  - {fileID: 230541860}
  - {fileID: 1858463193}
  - {fileID: 1313671593}
  - {fileID: 1644515759}
  - {fileID: 1049779388}
  - {fileID: 1084935302}
  - {fileID: 449029154}
  - {fileID: 1932222151}
  - {fileID: 494979573}
  - {fileID: 1813161322}
  m_Father: {fileID: 0}
  m_RootOrder: 8
--- !u!1 &410215135
GameObject:
  m_ObjectHideFlags: 0
  m_PrefabParentObject: {fileID: 0}
  m_PrefabInternal: {fileID: 0}
  serializedVersion: 4
  m_Component:
  - 4: {fileID: 410215137}
  - 212: {fileID: 410215136}
  - 60: {fileID: 410215138}
  m_Layer: 15
  m_Name: Platform02
  m_TagString: Untagged
  m_Icon: {fileID: 0}
  m_NavMeshLayer: 0
  m_StaticEditorFlags: 0
  m_IsActive: 1
--- !u!212 &410215136
SpriteRenderer:
  m_ObjectHideFlags: 0
  m_PrefabParentObject: {fileID: 0}
  m_PrefabInternal: {fileID: 0}
  m_GameObject: {fileID: 410215135}
  m_Enabled: 1
  m_CastShadows: 0
  m_ReceiveShadows: 0
  m_MotionVectors: 1
  m_LightProbeUsage: 0
  m_ReflectionProbeUsage: 0
  m_Materials:
  - {fileID: 10754, guid: 0000000000000000f000000000000000, type: 0}
  m_SubsetIndices: 
  m_StaticBatchRoot: {fileID: 0}
  m_ProbeAnchor: {fileID: 0}
  m_LightProbeVolumeOverride: {fileID: 0}
  m_ScaleInLightmap: 1
  m_PreserveUVs: 0
  m_IgnoreNormalsForChartDetection: 0
  m_ImportantGI: 0
  m_SelectedWireframeHidden: 1
  m_MinimumChartSize: 4
  m_AutoUVMaxDistance: 0.5
  m_AutoUVMaxAngle: 89
  m_LightmapParameters: {fileID: 0}
  m_SortingLayerID: 0
  m_SortingOrder: 0
  m_Sprite: {fileID: 21300008, guid: 0fd8c047ee6be8b4c974b463cec3b427, type: 3}
  m_Color: {r: 1, g: 1, b: 1, a: 1}
  m_FlipX: 0
  m_FlipY: 0
--- !u!4 &410215137
Transform:
  m_ObjectHideFlags: 0
  m_PrefabParentObject: {fileID: 0}
  m_PrefabInternal: {fileID: 0}
  m_GameObject: {fileID: 410215135}
  m_LocalRotation: {x: -0, y: -0, z: -0, w: 1}
  m_LocalPosition: {x: -10.7, y: 0.6, z: 0}
  m_LocalScale: {x: 1, y: 1, z: 1}
  m_LocalEulerAnglesHint: {x: 0, y: 0, z: 0}
  m_Children: []
  m_Father: {fileID: 330316739}
  m_RootOrder: 3
--- !u!60 &410215138
PolygonCollider2D:
  m_ObjectHideFlags: 0
  m_PrefabParentObject: {fileID: 0}
  m_PrefabInternal: {fileID: 0}
  m_GameObject: {fileID: 410215135}
  m_Enabled: 1
  m_Density: 1
  m_Material: {fileID: 0}
  m_IsTrigger: 0
  m_UsedByEffector: 0
  m_Offset: {x: 0, y: 0}
  m_Points:
    m_Paths:
    - - {x: -2.4, y: 5.9}
      - {x: -2.4, y: 5.3}
      - {x: -0.6, y: 3.5}
      - {x: -0.8, y: -5.9}
      - {x: 2, y: -5.9}
      - {x: 1.4, y: 3.7}
      - {x: 2.4, y: 5.1}
      - {x: 2.4, y: 5.9}
--- !u!4 &442053043 stripped
Transform:
  m_PrefabParentObject: {fileID: 4000012428373656, guid: 39b3696ceaf8f444788e2de7ae0de5fa,
    type: 2}
  m_PrefabInternal: {fileID: 1180821803}
--- !u!1 &449029153
GameObject:
  m_ObjectHideFlags: 0
  m_PrefabParentObject: {fileID: 0}
  m_PrefabInternal: {fileID: 0}
  serializedVersion: 4
  m_Component:
  - 4: {fileID: 449029154}
  - 212: {fileID: 449029156}
  - 60: {fileID: 449029155}
  m_Layer: 15
  m_Name: Platform04 (4)
  m_TagString: Untagged
  m_Icon: {fileID: 0}
  m_NavMeshLayer: 0
  m_StaticEditorFlags: 0
  m_IsActive: 1
--- !u!4 &449029154
Transform:
  m_ObjectHideFlags: 0
  m_PrefabParentObject: {fileID: 0}
  m_PrefabInternal: {fileID: 0}
  m_GameObject: {fileID: 449029153}
  m_LocalRotation: {x: -0, y: -0, z: -0, w: 1}
  m_LocalPosition: {x: -45.3, y: 2.1, z: 0}
  m_LocalScale: {x: 1, y: 1, z: 1}
  m_LocalEulerAnglesHint: {x: 0, y: 0, z: 0}
  m_Children: []
  m_Father: {fileID: 330316739}
  m_RootOrder: 12
--- !u!60 &449029155
PolygonCollider2D:
  m_ObjectHideFlags: 0
  m_PrefabParentObject: {fileID: 0}
  m_PrefabInternal: {fileID: 0}
  m_GameObject: {fileID: 449029153}
  m_Enabled: 1
  m_Density: 1
  m_Material: {fileID: 0}
  m_IsTrigger: 0
  m_UsedByEffector: 0
  m_Offset: {x: 0, y: 0}
  m_Points:
    m_Paths:
    - - {x: -1.9, y: 5.9}
      - {x: -1.9, y: -5.9}
      - {x: 1.5, y: -5.9}
      - {x: 1.9, y: -2.3}
      - {x: 1.9, y: 5.9}
--- !u!212 &449029156
SpriteRenderer:
  m_ObjectHideFlags: 0
  m_PrefabParentObject: {fileID: 0}
  m_PrefabInternal: {fileID: 0}
  m_GameObject: {fileID: 449029153}
  m_Enabled: 1
  m_CastShadows: 0
  m_ReceiveShadows: 0
  m_MotionVectors: 1
  m_LightProbeUsage: 0
  m_ReflectionProbeUsage: 0
  m_Materials:
  - {fileID: 10754, guid: 0000000000000000f000000000000000, type: 0}
  m_SubsetIndices: 
  m_StaticBatchRoot: {fileID: 0}
  m_ProbeAnchor: {fileID: 0}
  m_LightProbeVolumeOverride: {fileID: 0}
  m_ScaleInLightmap: 1
  m_PreserveUVs: 0
  m_IgnoreNormalsForChartDetection: 0
  m_ImportantGI: 0
  m_SelectedWireframeHidden: 1
  m_MinimumChartSize: 4
  m_AutoUVMaxDistance: 0.5
  m_AutoUVMaxAngle: 89
  m_LightmapParameters: {fileID: 0}
  m_SortingLayerID: 0
  m_SortingOrder: 0
  m_Sprite: {fileID: 21300012, guid: 0fd8c047ee6be8b4c974b463cec3b427, type: 3}
  m_Color: {r: 1, g: 1, b: 1, a: 1}
  m_FlipX: 0
  m_FlipY: 0
--- !u!1 &494979571
GameObject:
  m_ObjectHideFlags: 0
  m_PrefabParentObject: {fileID: 0}
  m_PrefabInternal: {fileID: 0}
  serializedVersion: 4
  m_Component:
  - 4: {fileID: 494979573}
  - 212: {fileID: 494979572}
  m_Layer: 15
  m_Name: EnvironmentSpriteAtlas_2
  m_TagString: Untagged
  m_Icon: {fileID: 0}
  m_NavMeshLayer: 0
  m_StaticEditorFlags: 0
  m_IsActive: 1
--- !u!212 &494979572
SpriteRenderer:
  m_ObjectHideFlags: 0
  m_PrefabParentObject: {fileID: 0}
  m_PrefabInternal: {fileID: 0}
  m_GameObject: {fileID: 494979571}
  m_Enabled: 1
  m_CastShadows: 0
  m_ReceiveShadows: 0
  m_MotionVectors: 1
  m_LightProbeUsage: 0
  m_ReflectionProbeUsage: 0
  m_Materials:
  - {fileID: 10754, guid: 0000000000000000f000000000000000, type: 0}
  m_SubsetIndices: 
  m_StaticBatchRoot: {fileID: 0}
  m_ProbeAnchor: {fileID: 0}
  m_LightProbeVolumeOverride: {fileID: 0}
  m_ScaleInLightmap: 1
  m_PreserveUVs: 0
  m_IgnoreNormalsForChartDetection: 0
  m_ImportantGI: 0
  m_SelectedWireframeHidden: 1
  m_MinimumChartSize: 4
  m_AutoUVMaxDistance: 0.5
  m_AutoUVMaxAngle: 89
  m_LightmapParameters: {fileID: 0}
  m_SortingLayerID: 0
  m_SortingOrder: 0
  m_Sprite: {fileID: 21300004, guid: 0fd8c047ee6be8b4c974b463cec3b427, type: 3}
  m_Color: {r: 1, g: 1, b: 1, a: 1}
  m_FlipX: 0
  m_FlipY: 0
--- !u!4 &494979573
Transform:
  m_ObjectHideFlags: 0
  m_PrefabParentObject: {fileID: 0}
  m_PrefabInternal: {fileID: 0}
  m_GameObject: {fileID: 494979571}
  m_LocalRotation: {x: -0, y: -0, z: -0, w: 1}
  m_LocalPosition: {x: -123.37885, y: -6.555511, z: 0}
  m_LocalScale: {x: 1, y: 1, z: 1}
  m_LocalEulerAnglesHint: {x: 0, y: 0, z: 0}
  m_Children: []
  m_Father: {fileID: 330316739}
  m_RootOrder: 14
--- !u!4 &524643332 stripped
Transform:
  m_PrefabParentObject: {fileID: 4000011820349012, guid: efa38e41d2862ed4fb9ce5440e8afc5b,
    type: 2}
  m_PrefabInternal: {fileID: 247503759}
--- !u!1001 &590853172
Prefab:
  m_ObjectHideFlags: 0
  serializedVersion: 2
  m_Modification:
    m_TransformParent: {fileID: 0}
    m_Modifications:
    - target: {fileID: 4000010655557898, guid: 4ddf3cd4fd1c7f14aae02d2bf5200f4a, type: 2}
      propertyPath: m_LocalPosition.x
      value: 19.806633
      objectReference: {fileID: 0}
    - target: {fileID: 4000010655557898, guid: 4ddf3cd4fd1c7f14aae02d2bf5200f4a, type: 2}
      propertyPath: m_LocalPosition.y
      value: 26.616198
      objectReference: {fileID: 0}
    - target: {fileID: 4000010655557898, guid: 4ddf3cd4fd1c7f14aae02d2bf5200f4a, type: 2}
      propertyPath: m_LocalPosition.z
      value: 0
      objectReference: {fileID: 0}
    - target: {fileID: 4000010655557898, guid: 4ddf3cd4fd1c7f14aae02d2bf5200f4a, type: 2}
      propertyPath: m_LocalRotation.x
      value: 0
      objectReference: {fileID: 0}
    - target: {fileID: 4000010655557898, guid: 4ddf3cd4fd1c7f14aae02d2bf5200f4a, type: 2}
      propertyPath: m_LocalRotation.y
      value: 0
      objectReference: {fileID: 0}
    - target: {fileID: 4000010655557898, guid: 4ddf3cd4fd1c7f14aae02d2bf5200f4a, type: 2}
      propertyPath: m_LocalRotation.z
      value: 0
      objectReference: {fileID: 0}
    - target: {fileID: 4000010655557898, guid: 4ddf3cd4fd1c7f14aae02d2bf5200f4a, type: 2}
      propertyPath: m_LocalRotation.w
      value: 1
      objectReference: {fileID: 0}
    - target: {fileID: 4000010655557898, guid: 4ddf3cd4fd1c7f14aae02d2bf5200f4a, type: 2}
      propertyPath: m_RootOrder
      value: 9
      objectReference: {fileID: 0}
    - target: {fileID: 114000013560647766, guid: 4ddf3cd4fd1c7f14aae02d2bf5200f4a,
        type: 2}
      propertyPath: target
      value: 
      objectReference: {fileID: 0}
    - target: {fileID: 224000013231411544, guid: 4ddf3cd4fd1c7f14aae02d2bf5200f4a,
        type: 2}
      propertyPath: m_LocalScale.y
      value: 0.5
      objectReference: {fileID: 0}
    - target: {fileID: 224000013836316878, guid: 4ddf3cd4fd1c7f14aae02d2bf5200f4a,
        type: 2}
      propertyPath: m_AnchoredPosition.y
      value: 1.144
      objectReference: {fileID: 0}
    - target: {fileID: 224000013836316878, guid: 4ddf3cd4fd1c7f14aae02d2bf5200f4a,
        type: 2}
      propertyPath: m_SizeDelta.y
      value: 66.419
      objectReference: {fileID: 0}
    - target: {fileID: 224000013231411544, guid: 4ddf3cd4fd1c7f14aae02d2bf5200f4a,
        type: 2}
      propertyPath: m_AnchoredPosition.y
      value: 16.1
      objectReference: {fileID: 0}
    - target: {fileID: 224000013231411544, guid: 4ddf3cd4fd1c7f14aae02d2bf5200f4a,
        type: 2}
      propertyPath: m_SizeDelta.y
      value: 41.8
      objectReference: {fileID: 0}
    - target: {fileID: 60000014033263982, guid: 4ddf3cd4fd1c7f14aae02d2bf5200f4a,
        type: 2}
      propertyPath: m_IsTrigger
      value: 1
      objectReference: {fileID: 0}
    m_RemovedComponents: []
  m_ParentPrefab: {fileID: 100100000, guid: 4ddf3cd4fd1c7f14aae02d2bf5200f4a, type: 2}
  m_IsPrefabParent: 0
--- !u!1001 &680488485
Prefab:
  m_ObjectHideFlags: 0
  serializedVersion: 2
  m_Modification:
    m_TransformParent: {fileID: 330316739}
    m_Modifications:
    - target: {fileID: 4000014084745804, guid: cfe61e7c5f0cfd6479bc85d00bb0ccab, type: 2}
      propertyPath: m_LocalPosition.x
      value: -40.88
      objectReference: {fileID: 0}
    - target: {fileID: 4000014084745804, guid: cfe61e7c5f0cfd6479bc85d00bb0ccab, type: 2}
      propertyPath: m_LocalPosition.y
      value: 0.6
      objectReference: {fileID: 0}
    - target: {fileID: 4000014084745804, guid: cfe61e7c5f0cfd6479bc85d00bb0ccab, type: 2}
      propertyPath: m_LocalPosition.z
      value: 0
      objectReference: {fileID: 0}
    - target: {fileID: 4000014084745804, guid: cfe61e7c5f0cfd6479bc85d00bb0ccab, type: 2}
      propertyPath: m_LocalRotation.x
      value: -0
      objectReference: {fileID: 0}
    - target: {fileID: 4000014084745804, guid: cfe61e7c5f0cfd6479bc85d00bb0ccab, type: 2}
      propertyPath: m_LocalRotation.y
      value: -0
      objectReference: {fileID: 0}
    - target: {fileID: 4000014084745804, guid: cfe61e7c5f0cfd6479bc85d00bb0ccab, type: 2}
      propertyPath: m_LocalRotation.z
      value: -0
      objectReference: {fileID: 0}
    - target: {fileID: 4000014084745804, guid: cfe61e7c5f0cfd6479bc85d00bb0ccab, type: 2}
      propertyPath: m_LocalRotation.w
      value: 1
      objectReference: {fileID: 0}
    - target: {fileID: 4000014084745804, guid: cfe61e7c5f0cfd6479bc85d00bb0ccab, type: 2}
      propertyPath: m_RootOrder
      value: 2
      objectReference: {fileID: 0}
    - target: {fileID: 1000011686312270, guid: cfe61e7c5f0cfd6479bc85d00bb0ccab, type: 2}
      propertyPath: m_Layer
      value: 15
      objectReference: {fileID: 0}
    m_RemovedComponents: []
  m_ParentPrefab: {fileID: 100100000, guid: cfe61e7c5f0cfd6479bc85d00bb0ccab, type: 2}
  m_IsPrefabParent: 0
--- !u!4 &738647352 stripped
Transform:
  m_PrefabParentObject: {fileID: 4000012428373656, guid: 39b3696ceaf8f444788e2de7ae0de5fa,
    type: 2}
  m_PrefabInternal: {fileID: 1977527334}
--- !u!1 &830563073
GameObject:
  m_ObjectHideFlags: 0
  m_PrefabParentObject: {fileID: 0}
  m_PrefabInternal: {fileID: 0}
  serializedVersion: 4
  m_Component:
  - 4: {fileID: 830563076}
  - 132: {fileID: 830563075}
  - 114: {fileID: 830563074}
  m_Layer: 0
  m_Name: FPS Counter
  m_TagString: Untagged
  m_Icon: {fileID: 0}
  m_NavMeshLayer: 0
  m_StaticEditorFlags: 0
  m_IsActive: 1
--- !u!114 &830563074
MonoBehaviour:
  m_ObjectHideFlags: 0
  m_PrefabParentObject: {fileID: 0}
  m_PrefabInternal: {fileID: 0}
  m_GameObject: {fileID: 830563073}
  m_Enabled: 1
  m_EditorHideFlags: 0
  m_Script: {fileID: 11500000, guid: 451f5ad7c2ccb7343a28b0eb678d23da, type: 3}
  m_Name: 
  m_EditorClassIdentifier: 
  startRect:
    serializedVersion: 2
    x: 10
    y: 10
    width: 75
    height: 50
  updateColor: 1
  allowDrag: 1
  frequency: 0.5
  nbDecimal: 1
--- !u!132 &830563075
GUIText:
  m_ObjectHideFlags: 0
  m_PrefabParentObject: {fileID: 0}
  m_PrefabInternal: {fileID: 0}
  m_GameObject: {fileID: 830563073}
  m_Enabled: 1
  serializedVersion: 3
  m_Text: '

'
  m_Anchor: 0
  m_Alignment: 0
  m_PixelOffset: {x: 0, y: 0}
  m_LineSpacing: 1
  m_TabSize: 4
  m_Font: {fileID: 0}
  m_Material: {fileID: 0}
  m_FontSize: 30
  m_FontStyle: 1
  m_Color:
    serializedVersion: 2
    rgba: 4279176983
  m_PixelCorrect: 1
  m_RichText: 1
--- !u!4 &830563076
Transform:
  m_ObjectHideFlags: 0
  m_PrefabParentObject: {fileID: 0}
  m_PrefabInternal: {fileID: 0}
  m_GameObject: {fileID: 830563073}
  m_LocalRotation: {x: 0, y: 0, z: 0, w: 1}
  m_LocalPosition: {x: 0, y: 1, z: 0}
  m_LocalScale: {x: 1, y: 1, z: 1}
  m_LocalEulerAnglesHint: {x: 0, y: 0, z: 0}
  m_Children: []
  m_Father: {fileID: 0}
  m_RootOrder: 7
--- !u!1001 &840744571
Prefab:
  m_ObjectHideFlags: 0
  serializedVersion: 2
  m_Modification:
    m_TransformParent: {fileID: 0}
    m_Modifications:
    - target: {fileID: 224000013603195532, guid: e312fdb2b2c743f4a989d0b993f2420b,
        type: 2}
      propertyPath: m_LocalPosition.x
      value: 0
      objectReference: {fileID: 0}
    - target: {fileID: 224000013603195532, guid: e312fdb2b2c743f4a989d0b993f2420b,
        type: 2}
      propertyPath: m_LocalPosition.y
      value: 0
      objectReference: {fileID: 0}
    - target: {fileID: 224000013603195532, guid: e312fdb2b2c743f4a989d0b993f2420b,
        type: 2}
      propertyPath: m_LocalPosition.z
      value: 0
      objectReference: {fileID: 0}
    - target: {fileID: 224000013603195532, guid: e312fdb2b2c743f4a989d0b993f2420b,
        type: 2}
      propertyPath: m_LocalRotation.x
      value: 0
      objectReference: {fileID: 0}
    - target: {fileID: 224000013603195532, guid: e312fdb2b2c743f4a989d0b993f2420b,
        type: 2}
      propertyPath: m_LocalRotation.y
      value: 0
      objectReference: {fileID: 0}
    - target: {fileID: 224000013603195532, guid: e312fdb2b2c743f4a989d0b993f2420b,
        type: 2}
      propertyPath: m_LocalRotation.z
      value: 0
      objectReference: {fileID: 0}
    - target: {fileID: 224000013603195532, guid: e312fdb2b2c743f4a989d0b993f2420b,
        type: 2}
      propertyPath: m_LocalRotation.w
      value: 1
      objectReference: {fileID: 0}
    - target: {fileID: 224000013603195532, guid: e312fdb2b2c743f4a989d0b993f2420b,
        type: 2}
      propertyPath: m_RootOrder
      value: 2
      objectReference: {fileID: 0}
    - target: {fileID: 224000013603195532, guid: e312fdb2b2c743f4a989d0b993f2420b,
        type: 2}
      propertyPath: m_AnchoredPosition.x
      value: 0
      objectReference: {fileID: 0}
    - target: {fileID: 224000013603195532, guid: e312fdb2b2c743f4a989d0b993f2420b,
        type: 2}
      propertyPath: m_AnchoredPosition.y
      value: 0
      objectReference: {fileID: 0}
    - target: {fileID: 224000013603195532, guid: e312fdb2b2c743f4a989d0b993f2420b,
        type: 2}
      propertyPath: m_SizeDelta.x
      value: 0
      objectReference: {fileID: 0}
    - target: {fileID: 224000013603195532, guid: e312fdb2b2c743f4a989d0b993f2420b,
        type: 2}
      propertyPath: m_SizeDelta.y
      value: 0
      objectReference: {fileID: 0}
    - target: {fileID: 224000013603195532, guid: e312fdb2b2c743f4a989d0b993f2420b,
        type: 2}
      propertyPath: m_AnchorMin.x
      value: 0
      objectReference: {fileID: 0}
    - target: {fileID: 224000013603195532, guid: e312fdb2b2c743f4a989d0b993f2420b,
        type: 2}
      propertyPath: m_AnchorMin.y
      value: 0
      objectReference: {fileID: 0}
    - target: {fileID: 224000013603195532, guid: e312fdb2b2c743f4a989d0b993f2420b,
        type: 2}
      propertyPath: m_AnchorMax.x
      value: 0
      objectReference: {fileID: 0}
    - target: {fileID: 224000013603195532, guid: e312fdb2b2c743f4a989d0b993f2420b,
        type: 2}
      propertyPath: m_AnchorMax.y
      value: 0
      objectReference: {fileID: 0}
    - target: {fileID: 224000013603195532, guid: e312fdb2b2c743f4a989d0b993f2420b,
        type: 2}
      propertyPath: m_Pivot.x
      value: 0
      objectReference: {fileID: 0}
    - target: {fileID: 224000013603195532, guid: e312fdb2b2c743f4a989d0b993f2420b,
        type: 2}
      propertyPath: m_Pivot.y
      value: 0
      objectReference: {fileID: 0}
    - target: {fileID: 114000010721103944, guid: e312fdb2b2c743f4a989d0b993f2420b,
        type: 2}
      propertyPath: player
      value: 
      objectReference: {fileID: 0}
    m_RemovedComponents: []
  m_ParentPrefab: {fileID: 100100000, guid: e312fdb2b2c743f4a989d0b993f2420b, type: 2}
  m_IsPrefabParent: 0
--- !u!4 &887225807 stripped
Transform:
  m_PrefabParentObject: {fileID: 4000011820349012, guid: efa38e41d2862ed4fb9ce5440e8afc5b,
    type: 2}
  m_PrefabInternal: {fileID: 1504736394}
--- !u!1 &1014369599
GameObject:
  m_ObjectHideFlags: 0
  m_PrefabParentObject: {fileID: 0}
  m_PrefabInternal: {fileID: 0}
  serializedVersion: 4
  m_Component:
  - 4: {fileID: 1014369600}
  - 212: {fileID: 1014369601}
  - 60: {fileID: 1014369602}
  m_Layer: 15
  m_Name: Platform01
  m_TagString: Untagged
  m_Icon: {fileID: 0}
  m_NavMeshLayer: 0
  m_StaticEditorFlags: 0
  m_IsActive: 1
--- !u!4 &1014369600
Transform:
  m_ObjectHideFlags: 0
  m_PrefabParentObject: {fileID: 0}
  m_PrefabInternal: {fileID: 0}
  m_GameObject: {fileID: 1014369599}
  m_LocalRotation: {x: -0, y: -0, z: -0, w: 1}
  m_LocalPosition: {x: -57.7, y: -2.4, z: 0}
  m_LocalScale: {x: 1, y: 1, z: 1}
  m_LocalEulerAnglesHint: {x: 0, y: 0, z: 0}
  m_Children: []
  m_Father: {fileID: 330316739}
  m_RootOrder: 1
--- !u!212 &1014369601
SpriteRenderer:
  m_ObjectHideFlags: 0
  m_PrefabParentObject: {fileID: 0}
  m_PrefabInternal: {fileID: 0}
  m_GameObject: {fileID: 1014369599}
  m_Enabled: 1
  m_CastShadows: 0
  m_ReceiveShadows: 0
  m_MotionVectors: 1
  m_LightProbeUsage: 0
  m_ReflectionProbeUsage: 0
  m_Materials:
  - {fileID: 10754, guid: 0000000000000000f000000000000000, type: 0}
  m_SubsetIndices: 
  m_StaticBatchRoot: {fileID: 0}
  m_ProbeAnchor: {fileID: 0}
  m_LightProbeVolumeOverride: {fileID: 0}
  m_ScaleInLightmap: 1
  m_PreserveUVs: 0
  m_IgnoreNormalsForChartDetection: 0
  m_ImportantGI: 0
  m_SelectedWireframeHidden: 1
  m_MinimumChartSize: 4
  m_AutoUVMaxDistance: 0.5
  m_AutoUVMaxAngle: 89
  m_LightmapParameters: {fileID: 0}
  m_SortingLayerID: 0
  m_SortingOrder: 0
  m_Sprite: {fileID: 21300006, guid: 0fd8c047ee6be8b4c974b463cec3b427, type: 3}
  m_Color: {r: 1, g: 1, b: 1, a: 1}
  m_FlipX: 0
  m_FlipY: 0
--- !u!60 &1014369602
PolygonCollider2D:
  m_ObjectHideFlags: 0
  m_PrefabParentObject: {fileID: 0}
  m_PrefabInternal: {fileID: 0}
  m_GameObject: {fileID: 1014369599}
  m_Enabled: 1
  m_Density: 1
  m_Material: {fileID: 0}
  m_IsTrigger: 0
  m_UsedByEffector: 0
  m_Offset: {x: 0, y: 0}
  m_Points:
    m_Paths:
    - - {x: 2.4, y: 5.9}
      - {x: -2.4, y: 5.9}
      - {x: -2.4, y: 4.9}
      - {x: -1.2, y: 1.9}
      - {x: -1.4, y: -4.5}
      - {x: -1.6, y: -5.9}
      - {x: 1.8000001, y: -5.9}
      - {x: 1.2, y: -3.3}
      - {x: 1.4, y: 3.5}
      - {x: 2.4, y: 4.7000003}
--- !u!1 &1049779387
GameObject:
  m_ObjectHideFlags: 0
  m_PrefabParentObject: {fileID: 0}
  m_PrefabInternal: {fileID: 0}
  serializedVersion: 4
  m_Component:
  - 4: {fileID: 1049779388}
  - 212: {fileID: 1049779390}
  - 60: {fileID: 1049779389}
  m_Layer: 15
  m_Name: Platform04 (2)
  m_TagString: Untagged
  m_Icon: {fileID: 0}
  m_NavMeshLayer: 0
  m_StaticEditorFlags: 0
  m_IsActive: 1
--- !u!4 &1049779388
Transform:
  m_ObjectHideFlags: 0
  m_PrefabParentObject: {fileID: 0}
  m_PrefabInternal: {fileID: 0}
  m_GameObject: {fileID: 1049779387}
  m_LocalRotation: {x: -0, y: -0, z: -0, w: 1}
  m_LocalPosition: {x: -0.1, y: 0.6, z: 0}
  m_LocalScale: {x: 1, y: 1, z: 1}
  m_LocalEulerAnglesHint: {x: 0, y: 0, z: 0}
  m_Children:
  - {fileID: 65519030}
  m_Father: {fileID: 330316739}
  m_RootOrder: 10
--- !u!60 &1049779389
PolygonCollider2D:
  m_ObjectHideFlags: 0
  m_PrefabParentObject: {fileID: 0}
  m_PrefabInternal: {fileID: 0}
  m_GameObject: {fileID: 1049779387}
  m_Enabled: 1
  m_Density: 1
  m_Material: {fileID: 0}
  m_IsTrigger: 0
  m_UsedByEffector: 0
  m_Offset: {x: 0, y: 0}
  m_Points:
    m_Paths:
    - - {x: -1.9, y: 5.9}
      - {x: -1.9, y: -5.9}
      - {x: 1.5, y: -5.9}
      - {x: 1.9, y: -2.3}
      - {x: 1.9, y: 5.9}
--- !u!212 &1049779390
SpriteRenderer:
  m_ObjectHideFlags: 0
  m_PrefabParentObject: {fileID: 0}
  m_PrefabInternal: {fileID: 0}
  m_GameObject: {fileID: 1049779387}
  m_Enabled: 1
  m_CastShadows: 0
  m_ReceiveShadows: 0
  m_MotionVectors: 1
  m_LightProbeUsage: 0
  m_ReflectionProbeUsage: 0
  m_Materials:
  - {fileID: 10754, guid: 0000000000000000f000000000000000, type: 0}
  m_SubsetIndices: 
  m_StaticBatchRoot: {fileID: 0}
  m_ProbeAnchor: {fileID: 0}
  m_LightProbeVolumeOverride: {fileID: 0}
  m_ScaleInLightmap: 1
  m_PreserveUVs: 0
  m_IgnoreNormalsForChartDetection: 0
  m_ImportantGI: 0
  m_SelectedWireframeHidden: 1
  m_MinimumChartSize: 4
  m_AutoUVMaxDistance: 0.5
  m_AutoUVMaxAngle: 89
  m_LightmapParameters: {fileID: 0}
  m_SortingLayerID: 0
  m_SortingOrder: 0
  m_Sprite: {fileID: 21300012, guid: 0fd8c047ee6be8b4c974b463cec3b427, type: 3}
  m_Color: {r: 1, g: 1, b: 1, a: 1}
  m_FlipX: 0
  m_FlipY: 0
--- !u!1 &1084935301
GameObject:
  m_ObjectHideFlags: 0
  m_PrefabParentObject: {fileID: 0}
  m_PrefabInternal: {fileID: 0}
  serializedVersion: 4
  m_Component:
  - 4: {fileID: 1084935302}
  - 212: {fileID: 1084935304}
  - 60: {fileID: 1084935303}
  m_Layer: 15
  m_Name: Platform04 (3)
  m_TagString: Untagged
  m_Icon: {fileID: 0}
  m_NavMeshLayer: 0
  m_StaticEditorFlags: 0
  m_IsActive: 1
--- !u!4 &1084935302
Transform:
  m_ObjectHideFlags: 0
  m_PrefabParentObject: {fileID: 0}
  m_PrefabInternal: {fileID: 0}
  m_GameObject: {fileID: 1084935301}
  m_LocalRotation: {x: -0, y: -0, z: -0, w: 1}
  m_LocalPosition: {x: -51.5, y: 0.6, z: 0}
  m_LocalScale: {x: 1, y: 1, z: 1}
  m_LocalEulerAnglesHint: {x: 0, y: 0, z: 0}
  m_Children: []
  m_Father: {fileID: 330316739}
  m_RootOrder: 11
--- !u!60 &1084935303
PolygonCollider2D:
  m_ObjectHideFlags: 0
  m_PrefabParentObject: {fileID: 0}
  m_PrefabInternal: {fileID: 0}
  m_GameObject: {fileID: 1084935301}
  m_Enabled: 1
  m_Density: 1
  m_Material: {fileID: 0}
  m_IsTrigger: 0
  m_UsedByEffector: 0
  m_Offset: {x: 0, y: 0}
  m_Points:
    m_Paths:
    - - {x: -1.9, y: 5.9}
      - {x: -1.9, y: -5.9}
      - {x: 1.5, y: -5.9}
      - {x: 1.9, y: -2.3}
      - {x: 1.9, y: 5.9}
--- !u!212 &1084935304
SpriteRenderer:
  m_ObjectHideFlags: 0
  m_PrefabParentObject: {fileID: 0}
  m_PrefabInternal: {fileID: 0}
  m_GameObject: {fileID: 1084935301}
  m_Enabled: 1
  m_CastShadows: 0
  m_ReceiveShadows: 0
  m_MotionVectors: 1
  m_LightProbeUsage: 0
  m_ReflectionProbeUsage: 0
  m_Materials:
  - {fileID: 10754, guid: 0000000000000000f000000000000000, type: 0}
  m_SubsetIndices: 
  m_StaticBatchRoot: {fileID: 0}
  m_ProbeAnchor: {fileID: 0}
  m_LightProbeVolumeOverride: {fileID: 0}
  m_ScaleInLightmap: 1
  m_PreserveUVs: 0
  m_IgnoreNormalsForChartDetection: 0
  m_ImportantGI: 0
  m_SelectedWireframeHidden: 1
  m_MinimumChartSize: 4
  m_AutoUVMaxDistance: 0.5
  m_AutoUVMaxAngle: 89
  m_LightmapParameters: {fileID: 0}
  m_SortingLayerID: 0
  m_SortingOrder: 0
  m_Sprite: {fileID: 21300012, guid: 0fd8c047ee6be8b4c974b463cec3b427, type: 3}
  m_Color: {r: 1, g: 1, b: 1, a: 1}
  m_FlipX: 0
  m_FlipY: 0
--- !u!1001 &1132265319
Prefab:
  m_ObjectHideFlags: 0
  serializedVersion: 2
  m_Modification:
    m_TransformParent: {fileID: 1593519494}
    m_Modifications:
    - target: {fileID: 4000012428373656, guid: 39b3696ceaf8f444788e2de7ae0de5fa, type: 2}
      propertyPath: m_LocalPosition.x
      value: 11.714484
      objectReference: {fileID: 0}
    - target: {fileID: 4000012428373656, guid: 39b3696ceaf8f444788e2de7ae0de5fa, type: 2}
      propertyPath: m_LocalPosition.y
      value: -8.900001
      objectReference: {fileID: 0}
    - target: {fileID: 4000012428373656, guid: 39b3696ceaf8f444788e2de7ae0de5fa, type: 2}
      propertyPath: m_LocalPosition.z
      value: -23
      objectReference: {fileID: 0}
    - target: {fileID: 4000012428373656, guid: 39b3696ceaf8f444788e2de7ae0de5fa, type: 2}
      propertyPath: m_LocalRotation.x
      value: -0
      objectReference: {fileID: 0}
    - target: {fileID: 4000012428373656, guid: 39b3696ceaf8f444788e2de7ae0de5fa, type: 2}
      propertyPath: m_LocalRotation.y
      value: -0
      objectReference: {fileID: 0}
    - target: {fileID: 4000012428373656, guid: 39b3696ceaf8f444788e2de7ae0de5fa, type: 2}
      propertyPath: m_LocalRotation.z
      value: -0
      objectReference: {fileID: 0}
    - target: {fileID: 4000012428373656, guid: 39b3696ceaf8f444788e2de7ae0de5fa, type: 2}
      propertyPath: m_LocalRotation.w
      value: 1
      objectReference: {fileID: 0}
    - target: {fileID: 4000012428373656, guid: 39b3696ceaf8f444788e2de7ae0de5fa, type: 2}
      propertyPath: m_RootOrder
      value: 0
      objectReference: {fileID: 0}
    - target: {fileID: 4000012428373656, guid: 39b3696ceaf8f444788e2de7ae0de5fa, type: 2}
      propertyPath: m_LocalScale.x
      value: 1
      objectReference: {fileID: 0}
    - target: {fileID: 212000010335119360, guid: 39b3696ceaf8f444788e2de7ae0de5fa,
        type: 2}
      propertyPath: m_Enabled
      value: 1
      objectReference: {fileID: 0}
    - target: {fileID: 224000012964860362, guid: 39b3696ceaf8f444788e2de7ae0de5fa,
        type: 2}
      propertyPath: m_RootOrder
      value: 3
      objectReference: {fileID: 0}
    - target: {fileID: 4000012816906962, guid: 39b3696ceaf8f444788e2de7ae0de5fa, type: 2}
      propertyPath: m_RootOrder
      value: 2
      objectReference: {fileID: 0}
    - target: {fileID: 4000012687910634, guid: 39b3696ceaf8f444788e2de7ae0de5fa, type: 2}
      propertyPath: m_RootOrder
      value: 1
      objectReference: {fileID: 0}
    - target: {fileID: 4000013613407736, guid: 39b3696ceaf8f444788e2de7ae0de5fa, type: 2}
      propertyPath: m_RootOrder
      value: 0
      objectReference: {fileID: 0}
    - target: {fileID: 58000011278732426, guid: 39b3696ceaf8f444788e2de7ae0de5fa,
        type: 2}
      propertyPath: m_IsTrigger
      value: 0
      objectReference: {fileID: 0}
    - target: {fileID: 58000011278732426, guid: 39b3696ceaf8f444788e2de7ae0de5fa,
        type: 2}
      propertyPath: m_Enabled
      value: 0
      objectReference: {fileID: 0}
    - target: {fileID: 114000010828534376, guid: 39b3696ceaf8f444788e2de7ae0de5fa,
        type: 2}
      propertyPath: m_Enabled
      value: 1
      objectReference: {fileID: 0}
    - target: {fileID: 114000011140249066, guid: 39b3696ceaf8f444788e2de7ae0de5fa,
        type: 2}
      propertyPath: m_Enabled
      value: 1
      objectReference: {fileID: 0}
    m_RemovedComponents: []
  m_ParentPrefab: {fileID: 100100000, guid: 39b3696ceaf8f444788e2de7ae0de5fa, type: 2}
  m_IsPrefabParent: 0
--- !u!1001 &1180821803
Prefab:
  m_ObjectHideFlags: 0
  serializedVersion: 2
  m_Modification:
    m_TransformParent: {fileID: 1593519494}
    m_Modifications:
    - target: {fileID: 4000012428373656, guid: 39b3696ceaf8f444788e2de7ae0de5fa, type: 2}
      propertyPath: m_LocalPosition.x
      value: 20.234467
      objectReference: {fileID: 0}
    - target: {fileID: 4000012428373656, guid: 39b3696ceaf8f444788e2de7ae0de5fa, type: 2}
      propertyPath: m_LocalPosition.y
      value: -8.354067
      objectReference: {fileID: 0}
    - target: {fileID: 4000012428373656, guid: 39b3696ceaf8f444788e2de7ae0de5fa, type: 2}
      propertyPath: m_LocalPosition.z
      value: -23
      objectReference: {fileID: 0}
    - target: {fileID: 4000012428373656, guid: 39b3696ceaf8f444788e2de7ae0de5fa, type: 2}
      propertyPath: m_LocalRotation.x
      value: -0
      objectReference: {fileID: 0}
    - target: {fileID: 4000012428373656, guid: 39b3696ceaf8f444788e2de7ae0de5fa, type: 2}
      propertyPath: m_LocalRotation.y
      value: -0
      objectReference: {fileID: 0}
    - target: {fileID: 4000012428373656, guid: 39b3696ceaf8f444788e2de7ae0de5fa, type: 2}
      propertyPath: m_LocalRotation.z
      value: -0
      objectReference: {fileID: 0}
    - target: {fileID: 4000012428373656, guid: 39b3696ceaf8f444788e2de7ae0de5fa, type: 2}
      propertyPath: m_LocalRotation.w
      value: 1
      objectReference: {fileID: 0}
    - target: {fileID: 4000012428373656, guid: 39b3696ceaf8f444788e2de7ae0de5fa, type: 2}
      propertyPath: m_RootOrder
      value: 2
      objectReference: {fileID: 0}
    - target: {fileID: 58000011278732426, guid: 39b3696ceaf8f444788e2de7ae0de5fa,
        type: 2}
      propertyPath: m_Enabled
      value: 0
      objectReference: {fileID: 0}
    m_RemovedComponents: []
  m_ParentPrefab: {fileID: 100100000, guid: 39b3696ceaf8f444788e2de7ae0de5fa, type: 2}
  m_IsPrefabParent: 0
--- !u!1 &1219538808
GameObject:
  m_ObjectHideFlags: 0
  m_PrefabParentObject: {fileID: 0}
  m_PrefabInternal: {fileID: 0}
  serializedVersion: 4
  m_Component:
  - 4: {fileID: 1219538810}
  - 212: {fileID: 1219538809}
  m_Layer: 0
  m_Name: BackgroundMountainPurple
  m_TagString: Untagged
  m_Icon: {fileID: 0}
  m_NavMeshLayer: 0
  m_StaticEditorFlags: 0
  m_IsActive: 1
--- !u!212 &1219538809
SpriteRenderer:
  m_ObjectHideFlags: 0
  m_PrefabParentObject: {fileID: 0}
  m_PrefabInternal: {fileID: 0}
  m_GameObject: {fileID: 1219538808}
  m_Enabled: 1
  m_CastShadows: 0
  m_ReceiveShadows: 0
  m_MotionVectors: 1
  m_LightProbeUsage: 0
  m_ReflectionProbeUsage: 0
  m_Materials:
  - {fileID: 10754, guid: 0000000000000000f000000000000000, type: 0}
  m_SubsetIndices: 
  m_StaticBatchRoot: {fileID: 0}
  m_ProbeAnchor: {fileID: 0}
  m_LightProbeVolumeOverride: {fileID: 0}
  m_ScaleInLightmap: 1
  m_PreserveUVs: 0
  m_IgnoreNormalsForChartDetection: 0
  m_ImportantGI: 0
  m_SelectedWireframeHidden: 1
  m_MinimumChartSize: 4
  m_AutoUVMaxDistance: 0.5
  m_AutoUVMaxAngle: 89
  m_LightmapParameters: {fileID: 0}
  m_SortingLayerID: 1093696345
  m_SortingOrder: 0
  m_Sprite: {fileID: 21300000, guid: 0fd8c047ee6be8b4c974b463cec3b427, type: 3}
  m_Color: {r: 1, g: 1, b: 1, a: 1}
  m_FlipX: 0
  m_FlipY: 0
--- !u!4 &1219538810
Transform:
  m_ObjectHideFlags: 0
  m_PrefabParentObject: {fileID: 0}
  m_PrefabInternal: {fileID: 0}
  m_GameObject: {fileID: 1219538808}
  m_LocalRotation: {x: 0, y: 0, z: 0, w: 1}
  m_LocalPosition: {x: 0, y: 8, z: 25}
  m_LocalScale: {x: 1, y: 1, z: 1}
  m_LocalEulerAnglesHint: {x: 0, y: 0, z: 0}
  m_Children: []
  m_Father: {fileID: 0}
  m_RootOrder: 6
--- !u!4 &1302850632 stripped
Transform:
  m_PrefabParentObject: {fileID: 4000011820349012, guid: efa38e41d2862ed4fb9ce5440e8afc5b,
    type: 2}
  m_PrefabInternal: {fileID: 1923711378}
--- !u!1 &1313671592
GameObject:
  m_ObjectHideFlags: 0
  m_PrefabParentObject: {fileID: 0}
  m_PrefabInternal: {fileID: 0}
  serializedVersion: 4
  m_Component:
  - 4: {fileID: 1313671593}
  - 212: {fileID: 1313671595}
  - 60: {fileID: 1313671594}
  m_Layer: 15
  m_Name: Platform01 (1)
  m_TagString: Untagged
  m_Icon: {fileID: 0}
  m_NavMeshLayer: 0
  m_StaticEditorFlags: 0
  m_IsActive: 1
--- !u!4 &1313671593
Transform:
  m_ObjectHideFlags: 0
  m_PrefabParentObject: {fileID: 0}
  m_PrefabInternal: {fileID: 0}
  m_GameObject: {fileID: 1313671592}
  m_LocalRotation: {x: -0, y: -0, z: -0, w: 1}
  m_LocalPosition: {x: -7.1, y: 0.6, z: 0}
  m_LocalScale: {x: 1, y: 1, z: 1}
  m_LocalEulerAnglesHint: {x: 0, y: 0, z: 0}
  m_Children:
  - {fileID: 1886984200}
  m_Father: {fileID: 330316739}
  m_RootOrder: 8
--- !u!60 &1313671594
PolygonCollider2D:
  m_ObjectHideFlags: 0
  m_PrefabParentObject: {fileID: 0}
  m_PrefabInternal: {fileID: 0}
  m_GameObject: {fileID: 1313671592}
  m_Enabled: 1
  m_Density: 1
  m_Material: {fileID: 0}
  m_IsTrigger: 0
  m_UsedByEffector: 0
  m_Offset: {x: 0, y: 0}
  m_Points:
    m_Paths:
    - - {x: 2.4, y: 5.9}
      - {x: -2.4, y: 5.9}
      - {x: -2.4, y: 4.9}
      - {x: -1.2, y: 1.9}
      - {x: -1.4, y: -4.5}
      - {x: -1.6, y: -5.9}
      - {x: 1.8000001, y: -5.9}
      - {x: 1.2, y: -3.3}
      - {x: 1.4, y: 3.5}
      - {x: 2.4, y: 4.7000003}
--- !u!212 &1313671595
SpriteRenderer:
  m_ObjectHideFlags: 0
  m_PrefabParentObject: {fileID: 0}
  m_PrefabInternal: {fileID: 0}
  m_GameObject: {fileID: 1313671592}
  m_Enabled: 1
  m_CastShadows: 0
  m_ReceiveShadows: 0
  m_MotionVectors: 1
  m_LightProbeUsage: 0
  m_ReflectionProbeUsage: 0
  m_Materials:
  - {fileID: 10754, guid: 0000000000000000f000000000000000, type: 0}
  m_SubsetIndices: 
  m_StaticBatchRoot: {fileID: 0}
  m_ProbeAnchor: {fileID: 0}
  m_LightProbeVolumeOverride: {fileID: 0}
  m_ScaleInLightmap: 1
  m_PreserveUVs: 0
  m_IgnoreNormalsForChartDetection: 0
  m_ImportantGI: 0
  m_SelectedWireframeHidden: 1
  m_MinimumChartSize: 4
  m_AutoUVMaxDistance: 0.5
  m_AutoUVMaxAngle: 89
  m_LightmapParameters: {fileID: 0}
  m_SortingLayerID: 0
  m_SortingOrder: 0
  m_Sprite: {fileID: 21300006, guid: 0fd8c047ee6be8b4c974b463cec3b427, type: 3}
  m_Color: {r: 1, g: 1, b: 1, a: 1}
  m_FlipX: 0
  m_FlipY: 0
--- !u!1001 &1504736394
Prefab:
  m_ObjectHideFlags: 0
  serializedVersion: 2
  m_Modification:
    m_TransformParent: {fileID: 1714295481}
    m_Modifications:
    - target: {fileID: 4000011820349012, guid: efa38e41d2862ed4fb9ce5440e8afc5b, type: 2}
      propertyPath: m_LocalPosition.x
      value: -10.39
      objectReference: {fileID: 0}
    - target: {fileID: 4000011820349012, guid: efa38e41d2862ed4fb9ce5440e8afc5b, type: 2}
      propertyPath: m_LocalPosition.y
      value: -1.2299995
      objectReference: {fileID: 0}
    - target: {fileID: 4000011820349012, guid: efa38e41d2862ed4fb9ce5440e8afc5b, type: 2}
      propertyPath: m_LocalPosition.z
      value: 0
      objectReference: {fileID: 0}
    - target: {fileID: 4000011820349012, guid: efa38e41d2862ed4fb9ce5440e8afc5b, type: 2}
      propertyPath: m_LocalRotation.x
      value: -0
      objectReference: {fileID: 0}
    - target: {fileID: 4000011820349012, guid: efa38e41d2862ed4fb9ce5440e8afc5b, type: 2}
      propertyPath: m_LocalRotation.y
      value: -0
      objectReference: {fileID: 0}
    - target: {fileID: 4000011820349012, guid: efa38e41d2862ed4fb9ce5440e8afc5b, type: 2}
      propertyPath: m_LocalRotation.z
      value: -0
      objectReference: {fileID: 0}
    - target: {fileID: 4000011820349012, guid: efa38e41d2862ed4fb9ce5440e8afc5b, type: 2}
      propertyPath: m_LocalRotation.w
      value: 1
      objectReference: {fileID: 0}
    - target: {fileID: 4000011820349012, guid: efa38e41d2862ed4fb9ce5440e8afc5b, type: 2}
      propertyPath: m_RootOrder
      value: 3
      objectReference: {fileID: 0}
    - target: {fileID: 1000012477488432, guid: efa38e41d2862ed4fb9ce5440e8afc5b, type: 2}
      propertyPath: m_TagString
      value: Spike
      objectReference: {fileID: 0}
    - target: {fileID: 61000013417890692, guid: efa38e41d2862ed4fb9ce5440e8afc5b,
        type: 2}
      propertyPath: m_IsTrigger
      value: 1
      objectReference: {fileID: 0}
    - target: {fileID: 1000012477488432, guid: efa38e41d2862ed4fb9ce5440e8afc5b, type: 2}
      propertyPath: m_Layer
      value: 14
      objectReference: {fileID: 0}
    - target: {fileID: 1000012477488432, guid: efa38e41d2862ed4fb9ce5440e8afc5b, type: 2}
      propertyPath: m_Name
      value: Spike (3)
      objectReference: {fileID: 0}
    m_RemovedComponents: []
  m_ParentPrefab: {fileID: 100100000, guid: efa38e41d2862ed4fb9ce5440e8afc5b, type: 2}
  m_IsPrefabParent: 0
--- !u!1 &1507446638
GameObject:
  m_ObjectHideFlags: 0
  m_PrefabParentObject: {fileID: 0}
  m_PrefabInternal: {fileID: 0}
  serializedVersion: 4
  m_Component:
  - 4: {fileID: 1507446640}
  - 212: {fileID: 1507446639}
  - 60: {fileID: 1507446641}
  m_Layer: 15
  m_Name: Platform03
  m_TagString: Untagged
  m_Icon: {fileID: 0}
  m_NavMeshLayer: 0
  m_StaticEditorFlags: 0
  m_IsActive: 1
--- !u!212 &1507446639
SpriteRenderer:
  m_ObjectHideFlags: 0
  m_PrefabParentObject: {fileID: 0}
  m_PrefabInternal: {fileID: 0}
  m_GameObject: {fileID: 1507446638}
  m_Enabled: 1
  m_CastShadows: 0
  m_ReceiveShadows: 0
  m_MotionVectors: 1
  m_LightProbeUsage: 0
  m_ReflectionProbeUsage: 0
  m_Materials:
  - {fileID: 10754, guid: 0000000000000000f000000000000000, type: 0}
  m_SubsetIndices: 
  m_StaticBatchRoot: {fileID: 0}
  m_ProbeAnchor: {fileID: 0}
  m_LightProbeVolumeOverride: {fileID: 0}
  m_ScaleInLightmap: 1
  m_PreserveUVs: 0
  m_IgnoreNormalsForChartDetection: 0
  m_ImportantGI: 0
  m_SelectedWireframeHidden: 1
  m_MinimumChartSize: 4
  m_AutoUVMaxDistance: 0.5
  m_AutoUVMaxAngle: 89
  m_LightmapParameters: {fileID: 0}
  m_SortingLayerID: 0
  m_SortingOrder: 0
  m_Sprite: {fileID: 21300010, guid: 0fd8c047ee6be8b4c974b463cec3b427, type: 3}
  m_Color: {r: 1, g: 1, b: 1, a: 1}
  m_FlipX: 0
  m_FlipY: 0
--- !u!4 &1507446640
Transform:
  m_ObjectHideFlags: 0
  m_PrefabParentObject: {fileID: 0}
  m_PrefabInternal: {fileID: 0}
  m_GameObject: {fileID: 1507446638}
  m_LocalRotation: {x: -0, y: -0, z: -0, w: 1}
  m_LocalPosition: {x: -19.1, y: 0.6, z: 0}
  m_LocalScale: {x: 1, y: 1, z: 1}
  m_LocalEulerAnglesHint: {x: 0, y: 0, z: 0}
  m_Children: []
  m_Father: {fileID: 330316739}
  m_RootOrder: 4
--- !u!60 &1507446641
PolygonCollider2D:
  m_ObjectHideFlags: 0
  m_PrefabParentObject: {fileID: 0}
  m_PrefabInternal: {fileID: 0}
  m_GameObject: {fileID: 1507446638}
  m_Enabled: 1
  m_Density: 1
  m_Material: {fileID: 0}
  m_IsTrigger: 0
  m_UsedByEffector: 0
  m_Offset: {x: 0, y: 0}
  m_Points:
    m_Paths:
    - - {x: 2.1000001, y: 5.9}
      - {x: -2.1000001, y: 5.9}
      - {x: -2.1000001, y: 2.5}
      - {x: -1.7, y: -5.9}
      - {x: 1.5, y: -5.9}
      - {x: 1.5, y: -5.7000003}
      - {x: 0.90000004, y: 2.7}
      - {x: 2.1000001, y: 5.1}
--- !u!1 &1547920734
GameObject:
  m_ObjectHideFlags: 0
  m_PrefabParentObject: {fileID: 0}
  m_PrefabInternal: {fileID: 0}
  serializedVersion: 4
  m_Component:
  - 4: {fileID: 1547920736}
  - 212: {fileID: 1547920735}
  - 60: {fileID: 1547920737}
  m_Layer: 15
  m_Name: Platform01 (1)
  m_TagString: Untagged
  m_Icon: {fileID: 0}
  m_NavMeshLayer: 0
  m_StaticEditorFlags: 0
  m_IsActive: 1
--- !u!212 &1547920735
SpriteRenderer:
  m_ObjectHideFlags: 0
  m_PrefabParentObject: {fileID: 0}
  m_PrefabInternal: {fileID: 0}
  m_GameObject: {fileID: 1547920734}
  m_Enabled: 1
  m_CastShadows: 0
  m_ReceiveShadows: 0
  m_MotionVectors: 1
  m_LightProbeUsage: 0
  m_ReflectionProbeUsage: 0
  m_Materials:
  - {fileID: 10754, guid: 0000000000000000f000000000000000, type: 0}
  m_SubsetIndices: 
  m_StaticBatchRoot: {fileID: 0}
  m_ProbeAnchor: {fileID: 0}
  m_LightProbeVolumeOverride: {fileID: 0}
  m_ScaleInLightmap: 1
  m_PreserveUVs: 0
  m_IgnoreNormalsForChartDetection: 0
  m_ImportantGI: 0
  m_SelectedWireframeHidden: 1
  m_MinimumChartSize: 4
  m_AutoUVMaxDistance: 0.5
  m_AutoUVMaxAngle: 89
  m_LightmapParameters: {fileID: 0}
  m_SortingLayerID: 0
  m_SortingOrder: 0
  m_Sprite: {fileID: 21300006, guid: 0fd8c047ee6be8b4c974b463cec3b427, type: 3}
  m_Color: {r: 1, g: 1, b: 1, a: 1}
  m_FlipX: 0
  m_FlipY: 0
--- !u!4 &1547920736
Transform:
  m_ObjectHideFlags: 0
  m_PrefabParentObject: {fileID: 0}
  m_PrefabInternal: {fileID: 0}
  m_GameObject: {fileID: 1547920734}
  m_LocalRotation: {x: -0, y: -0, z: -0, w: 1}
  m_LocalPosition: {x: -69.3, y: -4.5, z: 0}
  m_LocalScale: {x: 1, y: 1, z: 1}
  m_LocalEulerAnglesHint: {x: 0, y: 0, z: 0}
  m_Children: []
  m_Father: {fileID: 330316739}
  m_RootOrder: 0
--- !u!60 &1547920737
PolygonCollider2D:
  m_ObjectHideFlags: 0
  m_PrefabParentObject: {fileID: 0}
  m_PrefabInternal: {fileID: 0}
  m_GameObject: {fileID: 1547920734}
  m_Enabled: 1
  m_Density: 1
  m_Material: {fileID: 0}
  m_IsTrigger: 0
  m_UsedByEffector: 0
  m_Offset: {x: 0, y: 0}
  m_Points:
    m_Paths:
    - - {x: 2.4, y: 5.9}
      - {x: -2.4, y: 5.9}
      - {x: -2.4, y: 4.9}
      - {x: -1.2, y: 1.9}
      - {x: -1.4, y: -4.5}
      - {x: -1.6, y: -5.9}
      - {x: 1.8000001, y: -5.9}
      - {x: 1.2, y: -3.3}
      - {x: 1.4, y: 3.5}
      - {x: 2.4, y: 4.7000003}
--- !u!1 &1571330859 stripped
GameObject:
  m_PrefabParentObject: {fileID: 1000012447106902, guid: c68cddcf2b1b78c49b7521df3bb3b67f,
    type: 2}
  m_PrefabInternal: {fileID: 1781366435}
--- !u!1001 &1585277577
Prefab:
  m_ObjectHideFlags: 0
  serializedVersion: 2
  m_Modification:
    m_TransformParent: {fileID: 0}
    m_Modifications:
    - target: {fileID: 4000010473341894, guid: 173db8b98aef69d47ac8280dac618d83, type: 2}
      propertyPath: m_LocalPosition.x
      value: 9.64
      objectReference: {fileID: 0}
    - target: {fileID: 4000010473341894, guid: 173db8b98aef69d47ac8280dac618d83, type: 2}
      propertyPath: m_LocalPosition.y
      value: 12.79
      objectReference: {fileID: 0}
    - target: {fileID: 4000010473341894, guid: 173db8b98aef69d47ac8280dac618d83, type: 2}
      propertyPath: m_LocalPosition.z
      value: 0
      objectReference: {fileID: 0}
    - target: {fileID: 4000010473341894, guid: 173db8b98aef69d47ac8280dac618d83, type: 2}
      propertyPath: m_LocalRotation.x
      value: 0
      objectReference: {fileID: 0}
    - target: {fileID: 4000010473341894, guid: 173db8b98aef69d47ac8280dac618d83, type: 2}
      propertyPath: m_LocalRotation.y
      value: 0
      objectReference: {fileID: 0}
    - target: {fileID: 4000010473341894, guid: 173db8b98aef69d47ac8280dac618d83, type: 2}
      propertyPath: m_LocalRotation.z
      value: 0
      objectReference: {fileID: 0}
    - target: {fileID: 4000010473341894, guid: 173db8b98aef69d47ac8280dac618d83, type: 2}
      propertyPath: m_LocalRotation.w
      value: 1
      objectReference: {fileID: 0}
    - target: {fileID: 4000010473341894, guid: 173db8b98aef69d47ac8280dac618d83, type: 2}
      propertyPath: m_RootOrder
      value: 4
      objectReference: {fileID: 0}
    - target: {fileID: 1000011068357264, guid: 173db8b98aef69d47ac8280dac618d83, type: 2}
      propertyPath: m_Name
      value: A*
      objectReference: {fileID: 0}
    m_RemovedComponents: []
  m_ParentPrefab: {fileID: 100100000, guid: 173db8b98aef69d47ac8280dac618d83, type: 2}
  m_IsPrefabParent: 0
--- !u!1 &1593519493
GameObject:
  m_ObjectHideFlags: 0
  m_PrefabParentObject: {fileID: 0}
  m_PrefabInternal: {fileID: 0}
  serializedVersion: 4
  m_Component:
  - 4: {fileID: 1593519494}
  m_Layer: 0
  m_Name: MonsterList
  m_TagString: Untagged
  m_Icon: {fileID: 0}
  m_NavMeshLayer: 0
  m_StaticEditorFlags: 0
  m_IsActive: 1
--- !u!4 &1593519494
Transform:
  m_ObjectHideFlags: 0
  m_PrefabParentObject: {fileID: 0}
  m_PrefabInternal: {fileID: 0}
  m_GameObject: {fileID: 1593519493}
  m_LocalRotation: {x: -0, y: -0, z: -0, w: 1}
  m_LocalPosition: {x: 7.2, y: 22.2, z: 23}
  m_LocalScale: {x: 1, y: 1, z: 1}
  m_LocalEulerAnglesHint: {x: 0, y: 0, z: 0}
  m_Children:
  - {fileID: 227923507}
  - {fileID: 738647352}
  - {fileID: 442053043}
  m_Father: {fileID: 0}
  m_RootOrder: 10
--- !u!1 &1608240960
GameObject:
  m_ObjectHideFlags: 0
  m_PrefabParentObject: {fileID: 0}
  m_PrefabInternal: {fileID: 0}
  serializedVersion: 4
  m_Component:
  - 4: {fileID: 1608240962}
  - 212: {fileID: 1608240961}
  - 60: {fileID: 1608240963}
  m_Layer: 15
  m_Name: Platform04
  m_TagString: Untagged
  m_Icon: {fileID: 0}
  m_NavMeshLayer: 0
  m_StaticEditorFlags: 0
  m_IsActive: 1
--- !u!212 &1608240961
SpriteRenderer:
  m_ObjectHideFlags: 0
  m_PrefabParentObject: {fileID: 0}
  m_PrefabInternal: {fileID: 0}
  m_GameObject: {fileID: 1608240960}
  m_Enabled: 1
  m_CastShadows: 0
  m_ReceiveShadows: 0
  m_MotionVectors: 1
  m_LightProbeUsage: 0
  m_ReflectionProbeUsage: 0
  m_Materials:
  - {fileID: 10754, guid: 0000000000000000f000000000000000, type: 0}
  m_SubsetIndices: 
  m_StaticBatchRoot: {fileID: 0}
  m_ProbeAnchor: {fileID: 0}
  m_LightProbeVolumeOverride: {fileID: 0}
  m_ScaleInLightmap: 1
  m_PreserveUVs: 0
  m_IgnoreNormalsForChartDetection: 0
  m_ImportantGI: 0
  m_SelectedWireframeHidden: 1
  m_MinimumChartSize: 4
  m_AutoUVMaxDistance: 0.5
  m_AutoUVMaxAngle: 89
  m_LightmapParameters: {fileID: 0}
  m_SortingLayerID: 0
  m_SortingOrder: 0
  m_Sprite: {fileID: 21300012, guid: 0fd8c047ee6be8b4c974b463cec3b427, type: 3}
  m_Color: {r: 1, g: 1, b: 1, a: 1}
  m_FlipX: 0
  m_FlipY: 0
--- !u!4 &1608240962
Transform:
  m_ObjectHideFlags: 0
  m_PrefabParentObject: {fileID: 0}
  m_PrefabInternal: {fileID: 0}
  m_GameObject: {fileID: 1608240960}
  m_LocalRotation: {x: -0, y: -0, z: -0, w: 1}
  m_LocalPosition: {x: -38, y: 0.6, z: 0}
  m_LocalScale: {x: 1, y: 1, z: 1}
  m_LocalEulerAnglesHint: {x: 0, y: 0, z: 0}
  m_Children: []
  m_Father: {fileID: 330316739}
  m_RootOrder: 5
--- !u!60 &1608240963
PolygonCollider2D:
  m_ObjectHideFlags: 0
  m_PrefabParentObject: {fileID: 0}
  m_PrefabInternal: {fileID: 0}
  m_GameObject: {fileID: 1608240960}
  m_Enabled: 1
  m_Density: 1
  m_Material: {fileID: 0}
  m_IsTrigger: 0
  m_UsedByEffector: 0
  m_Offset: {x: 0, y: 0}
  m_Points:
    m_Paths:
    - - {x: -1.9, y: 5.9}
      - {x: -1.9, y: -5.9}
      - {x: 1.5, y: -5.9}
      - {x: 1.9, y: -2.3}
      - {x: 1.9, y: 5.9}
--- !u!1 &1644515758
GameObject:
  m_ObjectHideFlags: 0
  m_PrefabParentObject: {fileID: 0}
  m_PrefabInternal: {fileID: 0}
  serializedVersion: 4
  m_Component:
  - 4: {fileID: 1644515759}
  - 212: {fileID: 1644515761}
  - 60: {fileID: 1644515760}
  m_Layer: 15
  m_Name: Platform02 (2)
  m_TagString: Untagged
  m_Icon: {fileID: 0}
  m_NavMeshLayer: 0
  m_StaticEditorFlags: 0
  m_IsActive: 1
--- !u!4 &1644515759
Transform:
  m_ObjectHideFlags: 0
  m_PrefabParentObject: {fileID: 0}
  m_PrefabInternal: {fileID: 0}
  m_GameObject: {fileID: 1644515758}
  m_LocalRotation: {x: -0, y: -0, z: -0, w: 1}
  m_LocalPosition: {x: -3.6, y: 0.6, z: 0}
  m_LocalScale: {x: 1, y: 1, z: 1}
  m_LocalEulerAnglesHint: {x: 0, y: 0, z: 0}
  m_Children: []
  m_Father: {fileID: 330316739}
  m_RootOrder: 9
--- !u!60 &1644515760
PolygonCollider2D:
  m_ObjectHideFlags: 0
  m_PrefabParentObject: {fileID: 0}
  m_PrefabInternal: {fileID: 0}
  m_GameObject: {fileID: 1644515758}
  m_Enabled: 1
  m_Density: 1
  m_Material: {fileID: 0}
  m_IsTrigger: 0
  m_UsedByEffector: 0
  m_Offset: {x: 0, y: 0}
  m_Points:
    m_Paths:
    - - {x: -2.4, y: 5.9}
      - {x: -2.4, y: 5.3}
      - {x: -0.6, y: 3.5}
      - {x: -0.8, y: -5.9}
      - {x: 2, y: -5.9}
      - {x: 1.4, y: 3.7}
      - {x: 2.4, y: 5.1}
      - {x: 2.4, y: 5.9}
--- !u!212 &1644515761
SpriteRenderer:
  m_ObjectHideFlags: 0
  m_PrefabParentObject: {fileID: 0}
  m_PrefabInternal: {fileID: 0}
  m_GameObject: {fileID: 1644515758}
  m_Enabled: 1
  m_CastShadows: 0
  m_ReceiveShadows: 0
  m_MotionVectors: 1
  m_LightProbeUsage: 0
  m_ReflectionProbeUsage: 0
  m_Materials:
  - {fileID: 10754, guid: 0000000000000000f000000000000000, type: 0}
  m_SubsetIndices: 
  m_StaticBatchRoot: {fileID: 0}
  m_ProbeAnchor: {fileID: 0}
  m_LightProbeVolumeOverride: {fileID: 0}
  m_ScaleInLightmap: 1
  m_PreserveUVs: 0
  m_IgnoreNormalsForChartDetection: 0
  m_ImportantGI: 0
  m_SelectedWireframeHidden: 1
  m_MinimumChartSize: 4
  m_AutoUVMaxDistance: 0.5
  m_AutoUVMaxAngle: 89
  m_LightmapParameters: {fileID: 0}
  m_SortingLayerID: 0
  m_SortingOrder: 0
  m_Sprite: {fileID: 21300008, guid: 0fd8c047ee6be8b4c974b463cec3b427, type: 3}
  m_Color: {r: 1, g: 1, b: 1, a: 1}
  m_FlipX: 0
  m_FlipY: 0
--- !u!1 &1714295480
GameObject:
  m_ObjectHideFlags: 0
  m_PrefabParentObject: {fileID: 0}
  m_PrefabInternal: {fileID: 0}
  serializedVersion: 4
  m_Component:
  - 4: {fileID: 1714295481}
  m_Layer: 0
  m_Name: Trap
  m_TagString: Untagged
  m_Icon: {fileID: 0}
  m_NavMeshLayer: 0
  m_StaticEditorFlags: 0
  m_IsActive: 1
--- !u!4 &1714295481
Transform:
  m_ObjectHideFlags: 0
  m_PrefabParentObject: {fileID: 0}
  m_PrefabInternal: {fileID: 0}
  m_GameObject: {fileID: 1714295480}
  m_LocalRotation: {x: 0, y: 0, z: 0, w: 1}
  m_LocalPosition: {x: 8, y: 13.5, z: 0}
  m_LocalScale: {x: 1, y: 1, z: 1}
  m_LocalEulerAnglesHint: {x: 0, y: 0, z: 0}
  m_Children:
  - {fileID: 524643332}
  - {fileID: 1302850632}
  - {fileID: 31447928}
  - {fileID: 887225807}
  m_Father: {fileID: 0}
  m_RootOrder: 14
--- !u!1 &1762849588
GameObject:
  m_ObjectHideFlags: 0
  m_PrefabParentObject: {fileID: 0}
  m_PrefabInternal: {fileID: 0}
  serializedVersion: 4
  m_Component:
  - 4: {fileID: 1762849590}
  - 212: {fileID: 1762849589}
  m_Layer: 0
  m_Name: shmup-background-01-composite
  m_TagString: Untagged
  m_Icon: {fileID: 0}
  m_NavMeshLayer: 0
  m_StaticEditorFlags: 0
  m_IsActive: 1
--- !u!212 &1762849589
SpriteRenderer:
  m_ObjectHideFlags: 0
  m_PrefabParentObject: {fileID: 0}
  m_PrefabInternal: {fileID: 0}
  m_GameObject: {fileID: 1762849588}
  m_Enabled: 1
  m_CastShadows: 0
  m_ReceiveShadows: 0
  m_MotionVectors: 1
  m_LightProbeUsage: 0
  m_ReflectionProbeUsage: 0
  m_Materials:
  - {fileID: 10754, guid: 0000000000000000f000000000000000, type: 0}
  m_SubsetIndices: 
  m_StaticBatchRoot: {fileID: 0}
  m_ProbeAnchor: {fileID: 0}
  m_LightProbeVolumeOverride: {fileID: 0}
  m_ScaleInLightmap: 1
  m_PreserveUVs: 0
  m_IgnoreNormalsForChartDetection: 0
  m_ImportantGI: 0
  m_SelectedWireframeHidden: 1
  m_MinimumChartSize: 4
  m_AutoUVMaxDistance: 0.5
  m_AutoUVMaxAngle: 89
  m_LightmapParameters: {fileID: 0}
  m_SortingLayerID: 1093696345
  m_SortingOrder: 0
  m_Sprite: {fileID: 21300000, guid: 738ebad7064f4d9439feb8775366afad, type: 3}
  m_Color: {r: 1, g: 1, b: 1, a: 1}
  m_FlipX: 0
  m_FlipY: 0
--- !u!4 &1762849590
Transform:
  m_ObjectHideFlags: 0
  m_PrefabParentObject: {fileID: 0}
  m_PrefabInternal: {fileID: 0}
  m_GameObject: {fileID: 1762849588}
  m_LocalRotation: {x: 0, y: 0, z: 0, w: 1}
  m_LocalPosition: {x: -14.9, y: 22.2, z: 23}
  m_LocalScale: {x: 1, y: 1, z: 1}
  m_LocalEulerAnglesHint: {x: 0, y: 0, z: 0}
  m_Children: []
  m_Father: {fileID: 0}
  m_RootOrder: 11
--- !u!1001 &1781366435
Prefab:
  m_ObjectHideFlags: 0
  serializedVersion: 2
  m_Modification:
    m_TransformParent: {fileID: 0}
    m_Modifications:
    - target: {fileID: 4000010609127170, guid: c68cddcf2b1b78c49b7521df3bb3b67f, type: 2}
      propertyPath: m_LocalPosition.x
      value: -0.8000002
      objectReference: {fileID: 0}
    - target: {fileID: 4000010609127170, guid: c68cddcf2b1b78c49b7521df3bb3b67f, type: 2}
      propertyPath: m_LocalPosition.y
      value: 13
      objectReference: {fileID: 0}
    - target: {fileID: 4000010609127170, guid: c68cddcf2b1b78c49b7521df3bb3b67f, type: 2}
      propertyPath: m_LocalPosition.z
      value: 0
      objectReference: {fileID: 0}
    - target: {fileID: 4000010609127170, guid: c68cddcf2b1b78c49b7521df3bb3b67f, type: 2}
      propertyPath: m_LocalRotation.x
      value: -0
      objectReference: {fileID: 0}
    - target: {fileID: 4000010609127170, guid: c68cddcf2b1b78c49b7521df3bb3b67f, type: 2}
      propertyPath: m_LocalRotation.y
      value: -0
      objectReference: {fileID: 0}
    - target: {fileID: 4000010609127170, guid: c68cddcf2b1b78c49b7521df3bb3b67f, type: 2}
      propertyPath: m_LocalRotation.z
      value: -0
      objectReference: {fileID: 0}
    - target: {fileID: 4000010609127170, guid: c68cddcf2b1b78c49b7521df3bb3b67f, type: 2}
      propertyPath: m_LocalRotation.w
      value: 1
      objectReference: {fileID: 0}
    - target: {fileID: 4000010609127170, guid: c68cddcf2b1b78c49b7521df3bb3b67f, type: 2}
      propertyPath: m_RootOrder
      value: 0
      objectReference: {fileID: 0}
    - target: {fileID: 114000013422220424, guid: c68cddcf2b1b78c49b7521df3bb3b67f,
        type: 2}
      propertyPath: backgrounds.Array.data[0]
      value: 
      objectReference: {fileID: 1219538810}
    - target: {fileID: 114000013422220424, guid: c68cddcf2b1b78c49b7521df3bb3b67f,
        type: 2}
      propertyPath: backgrounds.Array.data[1]
      value: 
      objectReference: {fileID: 1762849590}
    - target: {fileID: 114000013422220424, guid: c68cddcf2b1b78c49b7521df3bb3b67f,
        type: 2}
      propertyPath: backgrounds.Array.data[2]
      value: 
      objectReference: {fileID: 1960256951}
    - target: {fileID: 114000011929213412, guid: c68cddcf2b1b78c49b7521df3bb3b67f,
        type: 2}
      propertyPath: gameOverUI
      value: 
      objectReference: {fileID: 36408249}
    m_RemovedComponents: []
  m_ParentPrefab: {fileID: 100100000, guid: c68cddcf2b1b78c49b7521df3bb3b67f, type: 2}
  m_IsPrefabParent: 0
--- !u!1 &1813161320
GameObject:
  m_ObjectHideFlags: 0
  m_PrefabParentObject: {fileID: 0}
  m_PrefabInternal: {fileID: 0}
  serializedVersion: 4
  m_Component:
  - 4: {fileID: 1813161322}
  - 212: {fileID: 1813161321}
  m_Layer: 15
  m_Name: EnvironmentSpriteAtlas_2 (1)
  m_TagString: Untagged
  m_Icon: {fileID: 0}
  m_NavMeshLayer: 0
  m_StaticEditorFlags: 0
  m_IsActive: 1
--- !u!212 &1813161321
SpriteRenderer:
  m_ObjectHideFlags: 0
  m_PrefabParentObject: {fileID: 0}
  m_PrefabInternal: {fileID: 0}
  m_GameObject: {fileID: 1813161320}
  m_Enabled: 1
  m_CastShadows: 0
  m_ReceiveShadows: 0
  m_MotionVectors: 1
  m_LightProbeUsage: 0
  m_ReflectionProbeUsage: 0
  m_Materials:
  - {fileID: 10754, guid: 0000000000000000f000000000000000, type: 0}
  m_SubsetIndices: 
  m_StaticBatchRoot: {fileID: 0}
  m_ProbeAnchor: {fileID: 0}
  m_LightProbeVolumeOverride: {fileID: 0}
  m_ScaleInLightmap: 1
  m_PreserveUVs: 0
  m_IgnoreNormalsForChartDetection: 0
  m_ImportantGI: 0
  m_SelectedWireframeHidden: 1
  m_MinimumChartSize: 4
  m_AutoUVMaxDistance: 0.5
  m_AutoUVMaxAngle: 89
  m_LightmapParameters: {fileID: 0}
  m_SortingLayerID: 0
  m_SortingOrder: 0
  m_Sprite: {fileID: 21300004, guid: 0fd8c047ee6be8b4c974b463cec3b427, type: 3}
  m_Color: {r: 1, g: 1, b: 1, a: 1}
  m_FlipX: 0
  m_FlipY: 0
--- !u!4 &1813161322
Transform:
  m_ObjectHideFlags: 0
  m_PrefabParentObject: {fileID: 0}
  m_PrefabInternal: {fileID: 0}
  m_GameObject: {fileID: 1813161320}
  m_LocalRotation: {x: -0, y: -0, z: -0, w: 1}
  m_LocalPosition: {x: 44.32115, y: -6.2, z: 0}
  m_LocalScale: {x: 1, y: 1, z: 1}
  m_LocalEulerAnglesHint: {x: 0, y: 0, z: 0}
  m_Children: []
  m_Father: {fileID: 330316739}
  m_RootOrder: 15
--- !u!1 &1858463191
GameObject:
  m_ObjectHideFlags: 0
  m_PrefabParentObject: {fileID: 0}
  m_PrefabInternal: {fileID: 0}
  serializedVersion: 4
  m_Component:
  - 4: {fileID: 1858463193}
  - 212: {fileID: 1858463192}
  - 60: {fileID: 1858463194}
  m_Layer: 15
  m_Name: Platform04 (1)
  m_TagString: Untagged
  m_Icon: {fileID: 0}
  m_NavMeshLayer: 0
  m_StaticEditorFlags: 0
  m_IsActive: 1
--- !u!212 &1858463192
SpriteRenderer:
  m_ObjectHideFlags: 0
  m_PrefabParentObject: {fileID: 0}
  m_PrefabInternal: {fileID: 0}
  m_GameObject: {fileID: 1858463191}
  m_Enabled: 1
  m_CastShadows: 0
  m_ReceiveShadows: 0
  m_MotionVectors: 1
  m_LightProbeUsage: 0
  m_ReflectionProbeUsage: 0
  m_Materials:
  - {fileID: 10754, guid: 0000000000000000f000000000000000, type: 0}
  m_SubsetIndices: 
  m_StaticBatchRoot: {fileID: 0}
  m_ProbeAnchor: {fileID: 0}
  m_LightProbeVolumeOverride: {fileID: 0}
  m_ScaleInLightmap: 1
  m_PreserveUVs: 0
  m_IgnoreNormalsForChartDetection: 0
  m_ImportantGI: 0
  m_SelectedWireframeHidden: 1
  m_MinimumChartSize: 4
  m_AutoUVMaxDistance: 0.5
  m_AutoUVMaxAngle: 89
  m_LightmapParameters: {fileID: 0}
  m_SortingLayerID: 0
  m_SortingOrder: 0
  m_Sprite: {fileID: 21300012, guid: 0fd8c047ee6be8b4c974b463cec3b427, type: 3}
  m_Color: {r: 1, g: 1, b: 1, a: 1}
  m_FlipX: 0
  m_FlipY: 0
--- !u!4 &1858463193
Transform:
  m_ObjectHideFlags: 0
  m_PrefabParentObject: {fileID: 0}
  m_PrefabInternal: {fileID: 0}
  m_GameObject: {fileID: 1858463191}
  m_LocalRotation: {x: -0, y: -0, z: -0, w: 1}
  m_LocalPosition: {x: -34.3, y: 0.6, z: 0}
  m_LocalScale: {x: 1, y: 1, z: 1}
  m_LocalEulerAnglesHint: {x: 0, y: 0, z: 0}
  m_Children: []
  m_Father: {fileID: 330316739}
  m_RootOrder: 7
--- !u!60 &1858463194
PolygonCollider2D:
  m_ObjectHideFlags: 0
  m_PrefabParentObject: {fileID: 0}
  m_PrefabInternal: {fileID: 0}
  m_GameObject: {fileID: 1858463191}
  m_Enabled: 1
  m_Density: 1
  m_Material: {fileID: 0}
  m_IsTrigger: 0
  m_UsedByEffector: 0
  m_Offset: {x: 0, y: 0}
  m_Points:
    m_Paths:
    - - {x: -1.9, y: 5.9}
      - {x: -1.9, y: -5.9}
      - {x: 1.5, y: -5.9}
      - {x: 1.9, y: -2.3}
      - {x: 1.9, y: 5.9}
--- !u!1 &1886984199
GameObject:
  m_ObjectHideFlags: 0
  m_PrefabParentObject: {fileID: 0}
  m_PrefabInternal: {fileID: 0}
  serializedVersion: 4
  m_Component:
  - 4: {fileID: 1886984200}
  m_Layer: 15
  m_Name: GameObject
  m_TagString: Untagged
  m_Icon: {fileID: 0}
  m_NavMeshLayer: 0
  m_StaticEditorFlags: 0
  m_IsActive: 1
--- !u!4 &1886984200
Transform:
  m_ObjectHideFlags: 0
  m_PrefabParentObject: {fileID: 0}
  m_PrefabInternal: {fileID: 0}
  m_GameObject: {fileID: 1886984199}
  m_LocalRotation: {x: 0, y: 0, z: 0, w: 1}
  m_LocalPosition: {x: 0, y: 0, z: 0}
  m_LocalScale: {x: 1, y: 1, z: 1}
  m_LocalEulerAnglesHint: {x: 0, y: 0, z: 0}
  m_Children: []
  m_Father: {fileID: 1313671593}
  m_RootOrder: 0
--- !u!1001 &1914310458
Prefab:
  m_ObjectHideFlags: 0
  serializedVersion: 2
  m_Modification:
    m_TransformParent: {fileID: 1714295481}
    m_Modifications:
    - target: {fileID: 4000011820349012, guid: efa38e41d2862ed4fb9ce5440e8afc5b, type: 2}
      propertyPath: m_LocalPosition.x
      value: -7.75
      objectReference: {fileID: 0}
    - target: {fileID: 4000011820349012, guid: efa38e41d2862ed4fb9ce5440e8afc5b, type: 2}
      propertyPath: m_LocalPosition.y
      value: -1.2299995
      objectReference: {fileID: 0}
    - target: {fileID: 4000011820349012, guid: efa38e41d2862ed4fb9ce5440e8afc5b, type: 2}
      propertyPath: m_LocalPosition.z
      value: 0
      objectReference: {fileID: 0}
    - target: {fileID: 4000011820349012, guid: efa38e41d2862ed4fb9ce5440e8afc5b, type: 2}
      propertyPath: m_LocalRotation.x
      value: -0
      objectReference: {fileID: 0}
    - target: {fileID: 4000011820349012, guid: efa38e41d2862ed4fb9ce5440e8afc5b, type: 2}
      propertyPath: m_LocalRotation.y
      value: -0
      objectReference: {fileID: 0}
    - target: {fileID: 4000011820349012, guid: efa38e41d2862ed4fb9ce5440e8afc5b, type: 2}
      propertyPath: m_LocalRotation.z
      value: -0
      objectReference: {fileID: 0}
    - target: {fileID: 4000011820349012, guid: efa38e41d2862ed4fb9ce5440e8afc5b, type: 2}
      propertyPath: m_LocalRotation.w
      value: 1
      objectReference: {fileID: 0}
    - target: {fileID: 4000011820349012, guid: efa38e41d2862ed4fb9ce5440e8afc5b, type: 2}
      propertyPath: m_RootOrder
      value: 2
      objectReference: {fileID: 0}
    - target: {fileID: 1000012477488432, guid: efa38e41d2862ed4fb9ce5440e8afc5b, type: 2}
      propertyPath: m_Name
      value: Spike (2)
      objectReference: {fileID: 0}
    - target: {fileID: 1000012477488432, guid: efa38e41d2862ed4fb9ce5440e8afc5b, type: 2}
      propertyPath: m_TagString
      value: Spike
      objectReference: {fileID: 0}
    - target: {fileID: 61000013417890692, guid: efa38e41d2862ed4fb9ce5440e8afc5b,
        type: 2}
      propertyPath: m_IsTrigger
      value: 1
      objectReference: {fileID: 0}
    - target: {fileID: 4000011820349012, guid: efa38e41d2862ed4fb9ce5440e8afc5b, type: 2}
      propertyPath: m_LocalScale.x
      value: 1.0562624
      objectReference: {fileID: 0}
    - target: {fileID: 61000013417890692, guid: efa38e41d2862ed4fb9ce5440e8afc5b,
        type: 2}
      propertyPath: m_UsedByEffector
      value: 0
      objectReference: {fileID: 0}
    - target: {fileID: 1000012477488432, guid: efa38e41d2862ed4fb9ce5440e8afc5b, type: 2}
      propertyPath: m_Layer
      value: 14
      objectReference: {fileID: 0}
    m_RemovedComponents: []
  m_ParentPrefab: {fileID: 100100000, guid: efa38e41d2862ed4fb9ce5440e8afc5b, type: 2}
  m_IsPrefabParent: 0
--- !u!1001 &1923711378
Prefab:
  m_ObjectHideFlags: 0
  serializedVersion: 2
  m_Modification:
    m_TransformParent: {fileID: 1714295481}
    m_Modifications:
    - target: {fileID: 4000011820349012, guid: efa38e41d2862ed4fb9ce5440e8afc5b, type: 2}
      propertyPath: m_LocalPosition.x
      value: -2.71
      objectReference: {fileID: 0}
    - target: {fileID: 4000011820349012, guid: efa38e41d2862ed4fb9ce5440e8afc5b, type: 2}
      propertyPath: m_LocalPosition.y
      value: -1.2299995
      objectReference: {fileID: 0}
    - target: {fileID: 4000011820349012, guid: efa38e41d2862ed4fb9ce5440e8afc5b, type: 2}
      propertyPath: m_LocalPosition.z
      value: 0
      objectReference: {fileID: 0}
    - target: {fileID: 4000011820349012, guid: efa38e41d2862ed4fb9ce5440e8afc5b, type: 2}
      propertyPath: m_LocalRotation.x
      value: -0
      objectReference: {fileID: 0}
    - target: {fileID: 4000011820349012, guid: efa38e41d2862ed4fb9ce5440e8afc5b, type: 2}
      propertyPath: m_LocalRotation.y
      value: -0
      objectReference: {fileID: 0}
    - target: {fileID: 4000011820349012, guid: efa38e41d2862ed4fb9ce5440e8afc5b, type: 2}
      propertyPath: m_LocalRotation.z
      value: -0
      objectReference: {fileID: 0}
    - target: {fileID: 4000011820349012, guid: efa38e41d2862ed4fb9ce5440e8afc5b, type: 2}
      propertyPath: m_LocalRotation.w
      value: 1
      objectReference: {fileID: 0}
    - target: {fileID: 4000011820349012, guid: efa38e41d2862ed4fb9ce5440e8afc5b, type: 2}
      propertyPath: m_RootOrder
      value: 1
      objectReference: {fileID: 0}
    - target: {fileID: 1000012477488432, guid: efa38e41d2862ed4fb9ce5440e8afc5b, type: 2}
      propertyPath: m_Name
      value: Spike (1)
      objectReference: {fileID: 0}
    - target: {fileID: 1000012477488432, guid: efa38e41d2862ed4fb9ce5440e8afc5b, type: 2}
      propertyPath: m_TagString
      value: Spike
      objectReference: {fileID: 0}
    - target: {fileID: 61000013417890692, guid: efa38e41d2862ed4fb9ce5440e8afc5b,
        type: 2}
      propertyPath: m_IsTrigger
      value: 1
      objectReference: {fileID: 0}
    - target: {fileID: 4000011820349012, guid: efa38e41d2862ed4fb9ce5440e8afc5b, type: 2}
      propertyPath: m_LocalScale.x
      value: 1.0562624
      objectReference: {fileID: 0}
    - target: {fileID: 61000013417890692, guid: efa38e41d2862ed4fb9ce5440e8afc5b,
        type: 2}
      propertyPath: m_UsedByEffector
      value: 0
      objectReference: {fileID: 0}
    - target: {fileID: 1000012477488432, guid: efa38e41d2862ed4fb9ce5440e8afc5b, type: 2}
      propertyPath: m_Layer
      value: 14
      objectReference: {fileID: 0}
    m_RemovedComponents: []
  m_ParentPrefab: {fileID: 100100000, guid: efa38e41d2862ed4fb9ce5440e8afc5b, type: 2}
  m_IsPrefabParent: 0
--- !u!1 &1932222150
GameObject:
  m_ObjectHideFlags: 0
  m_PrefabParentObject: {fileID: 0}
  m_PrefabInternal: {fileID: 0}
  serializedVersion: 4
  m_Component:
  - 4: {fileID: 1932222151}
  - 212: {fileID: 1932222153}
  - 60: {fileID: 1932222152}
  m_Layer: 15
  m_Name: Platform04 (5)
  m_TagString: Untagged
  m_Icon: {fileID: 0}
  m_NavMeshLayer: 0
  m_StaticEditorFlags: 0
  m_IsActive: 1
--- !u!4 &1932222151
Transform:
  m_ObjectHideFlags: 0
  m_PrefabParentObject: {fileID: 0}
  m_PrefabInternal: {fileID: 0}
  m_GameObject: {fileID: 1932222150}
  m_LocalRotation: {x: -0, y: -0, z: -0, w: 1}
  m_LocalPosition: {x: -63.9, y: 2.1, z: 0}
  m_LocalScale: {x: 1, y: 1, z: 1}
  m_LocalEulerAnglesHint: {x: 0, y: 0, z: 0}
  m_Children: []
  m_Father: {fileID: 330316739}
  m_RootOrder: 13
--- !u!60 &1932222152
PolygonCollider2D:
  m_ObjectHideFlags: 0
  m_PrefabParentObject: {fileID: 0}
  m_PrefabInternal: {fileID: 0}
  m_GameObject: {fileID: 1932222150}
  m_Enabled: 1
  m_Density: 1
  m_Material: {fileID: 0}
  m_IsTrigger: 0
  m_UsedByEffector: 0
  m_Offset: {x: 0, y: 0}
  m_Points:
    m_Paths:
    - - {x: -1.9, y: 5.9}
      - {x: -1.9, y: -5.9}
      - {x: 1.5, y: -5.9}
      - {x: 1.9, y: -2.3}
      - {x: 1.9, y: 5.9}
--- !u!212 &1932222153
SpriteRenderer:
  m_ObjectHideFlags: 0
  m_PrefabParentObject: {fileID: 0}
  m_PrefabInternal: {fileID: 0}
  m_GameObject: {fileID: 1932222150}
  m_Enabled: 1
  m_CastShadows: 0
  m_ReceiveShadows: 0
  m_MotionVectors: 1
  m_LightProbeUsage: 0
  m_ReflectionProbeUsage: 0
  m_Materials:
  - {fileID: 10754, guid: 0000000000000000f000000000000000, type: 0}
  m_SubsetIndices: 
  m_StaticBatchRoot: {fileID: 0}
  m_ProbeAnchor: {fileID: 0}
  m_LightProbeVolumeOverride: {fileID: 0}
  m_ScaleInLightmap: 1
  m_PreserveUVs: 0
  m_IgnoreNormalsForChartDetection: 0
  m_ImportantGI: 0
  m_SelectedWireframeHidden: 1
  m_MinimumChartSize: 4
  m_AutoUVMaxDistance: 0.5
  m_AutoUVMaxAngle: 89
  m_LightmapParameters: {fileID: 0}
  m_SortingLayerID: 0
  m_SortingOrder: 0
  m_Sprite: {fileID: 21300012, guid: 0fd8c047ee6be8b4c974b463cec3b427, type: 3}
  m_Color: {r: 1, g: 1, b: 1, a: 1}
  m_FlipX: 0
  m_FlipY: 0
--- !u!1 &1960256949
GameObject:
  m_ObjectHideFlags: 0
  m_PrefabParentObject: {fileID: 0}
  m_PrefabInternal: {fileID: 0}
  serializedVersion: 4
  m_Component:
  - 4: {fileID: 1960256951}
  - 212: {fileID: 1960256950}
  - 60: {fileID: 1960256952}
  - 114: {fileID: 1960256953}
  m_Layer: 0
  m_Name: ForegroundDirt
  m_TagString: Untagged
  m_Icon: {fileID: 0}
  m_NavMeshLayer: 0
  m_StaticEditorFlags: 0
  m_IsActive: 1
--- !u!212 &1960256950
SpriteRenderer:
  m_ObjectHideFlags: 0
  m_PrefabParentObject: {fileID: 0}
  m_PrefabInternal: {fileID: 0}
  m_GameObject: {fileID: 1960256949}
  m_Enabled: 1
  m_CastShadows: 0
  m_ReceiveShadows: 0
  m_MotionVectors: 1
  m_LightProbeUsage: 0
  m_ReflectionProbeUsage: 0
  m_Materials:
  - {fileID: 10754, guid: 0000000000000000f000000000000000, type: 0}
  m_SubsetIndices: 
  m_StaticBatchRoot: {fileID: 0}
  m_ProbeAnchor: {fileID: 0}
  m_LightProbeVolumeOverride: {fileID: 0}
  m_ScaleInLightmap: 1
  m_PreserveUVs: 0
  m_IgnoreNormalsForChartDetection: 0
  m_ImportantGI: 0
  m_SelectedWireframeHidden: 1
  m_MinimumChartSize: 4
  m_AutoUVMaxDistance: 0.5
  m_AutoUVMaxAngle: 89
  m_LightmapParameters: {fileID: 0}
  m_SortingLayerID: 1859086223
  m_SortingOrder: 0
  m_Sprite: {fileID: 21300004, guid: 0fd8c047ee6be8b4c974b463cec3b427, type: 3}
  m_Color: {r: 1, g: 1, b: 1, a: 1}
  m_FlipX: 0
  m_FlipY: 0
--- !u!4 &1960256951
Transform:
  m_ObjectHideFlags: 0
  m_PrefabParentObject: {fileID: 0}
  m_PrefabInternal: {fileID: 0}
  m_GameObject: {fileID: 1960256949}
  m_LocalRotation: {x: 0, y: 0, z: 0, w: 1}
  m_LocalPosition: {x: -3.5, y: -1, z: -10}
  m_LocalScale: {x: 1.2, y: 1, z: 1}
  m_LocalEulerAnglesHint: {x: 0, y: 0, z: 0}
  m_Children: []
  m_Father: {fileID: 0}
  m_RootOrder: 5
--- !u!60 &1960256952
PolygonCollider2D:
  m_ObjectHideFlags: 0
  m_PrefabParentObject: {fileID: 0}
  m_PrefabInternal: {fileID: 0}
  m_GameObject: {fileID: 1960256949}
  m_Enabled: 0
  m_Density: 1
  m_Material: {fileID: 0}
  m_IsTrigger: 1
  m_UsedByEffector: 0
  m_Offset: {x: 0, y: 0}
  m_Points:
    m_Paths:
    - - {x: 47.76066, y: 6.096102}
      - {x: 41.945404, y: 4.942936}
      - {x: 32.80297, y: 4.1314836}
      - {x: 30.800001, y: 4.4545956}
      - {x: 25.020851, y: 4.942936}
      - {x: 19.33448, y: 5.68302}
      - {x: 19.223766, y: 5.732109}
      - {x: 16.04623, y: 5.72294}
      - {x: 13.869959, y: 4.7091913}
      - {x: 11.752475, y: 4.868701}
      - {x: 9.122574, y: 4.302871}
      - {x: 5.566256, y: 4.7091913}
      - {x: 3.1263902, y: 5.9004464}
      - {x: -0.9117639, y: 5.0159206}
      - {x: -4.342936, y: 5.1766806}
      - {x: -9.233745, y: 4.854595}
      - {x: -13.076529, y: 4.19998}
      - {x: -14.313877, y: 4.4170856}
      - {x: -16.30095, y: 4.5068207}
      - {x: -18.500717, y: 5.2795753}
      - {x: -19.934519, y: 5.172247}
      - {x: -25.740755, y: 5.6777225}
      - {x: -31.617085, y: 4.9928885}
      - {x: -33.951607, y: 5.017086}
      - {x: -37.33452, y: 4.592888}
      - {x: -38.73515, y: 4.8052235}
      - {x: -40.227757, y: 3.9893327}
      - {x: -42.2, y: 5}
      - {x: -45.35369, y: 4.508897}
      - {x: -46.4, y: 5.1516047}
      - {x: -47.296974, y: 4.796981}
      - {x: -48.600002, y: 5.8}
      - {x: -49.46939, y: 5.0377283}
      - {x: -51.2, y: 5.8}
      - {x: -51.2, y: -5.8}
      - {x: 51.2, y: -5.8}
      - {x: 51.2, y: 5.6}
      - {x: 50.766254, y: 5.4883404}
--- !u!114 &1960256953
MonoBehaviour:
  m_ObjectHideFlags: 0
  m_PrefabParentObject: {fileID: 0}
  m_PrefabInternal: {fileID: 0}
  m_GameObject: {fileID: 1960256949}
  m_Enabled: 1
  m_EditorHideFlags: 0
  m_Script: {fileID: 11500000, guid: 13a4af53b199c2a42983019efbd9b86f, type: 3}
  m_Name: 
  m_EditorClassIdentifier: 
  respawnPoint: {fileID: 1571330859}
--- !u!1001 &1977527334
Prefab:
  m_ObjectHideFlags: 0
  serializedVersion: 2
  m_Modification:
    m_TransformParent: {fileID: 1593519494}
    m_Modifications:
    - target: {fileID: 4000012428373656, guid: 39b3696ceaf8f444788e2de7ae0de5fa, type: 2}
      propertyPath: m_LocalPosition.x
      value: -12.2
      objectReference: {fileID: 0}
    - target: {fileID: 4000012428373656, guid: 39b3696ceaf8f444788e2de7ae0de5fa, type: 2}
      propertyPath: m_LocalPosition.y
      value: -8.97
      objectReference: {fileID: 0}
    - target: {fileID: 4000012428373656, guid: 39b3696ceaf8f444788e2de7ae0de5fa, type: 2}
      propertyPath: m_LocalPosition.z
      value: 0
      objectReference: {fileID: 0}
    - target: {fileID: 4000012428373656, guid: 39b3696ceaf8f444788e2de7ae0de5fa, type: 2}
      propertyPath: m_LocalRotation.x
      value: -0
      objectReference: {fileID: 0}
    - target: {fileID: 4000012428373656, guid: 39b3696ceaf8f444788e2de7ae0de5fa, type: 2}
      propertyPath: m_LocalRotation.y
      value: -0
      objectReference: {fileID: 0}
    - target: {fileID: 4000012428373656, guid: 39b3696ceaf8f444788e2de7ae0de5fa, type: 2}
      propertyPath: m_LocalRotation.z
      value: -0
      objectReference: {fileID: 0}
    - target: {fileID: 4000012428373656, guid: 39b3696ceaf8f444788e2de7ae0de5fa, type: 2}
      propertyPath: m_LocalRotation.w
      value: 1
      objectReference: {fileID: 0}
    - target: {fileID: 4000012428373656, guid: 39b3696ceaf8f444788e2de7ae0de5fa, type: 2}
      propertyPath: m_RootOrder
      value: 1
      objectReference: {fileID: 0}
    - target: {fileID: 1000010283670864, guid: 39b3696ceaf8f444788e2de7ae0de5fa, type: 2}
      propertyPath: m_Name
      value: Gloop (1)
      objectReference: {fileID: 0}
    - target: {fileID: 224000012964860362, guid: 39b3696ceaf8f444788e2de7ae0de5fa,
        type: 2}
      propertyPath: m_LocalRotation.x
      value: 0
      objectReference: {fileID: 0}
    - target: {fileID: 224000012964860362, guid: 39b3696ceaf8f444788e2de7ae0de5fa,
        type: 2}
      propertyPath: m_LocalRotation.y
      value: 0
      objectReference: {fileID: 0}
    - target: {fileID: 224000012964860362, guid: 39b3696ceaf8f444788e2de7ae0de5fa,
        type: 2}
      propertyPath: m_LocalRotation.z
      value: 0
      objectReference: {fileID: 0}
    - target: {fileID: 224000012964860362, guid: 39b3696ceaf8f444788e2de7ae0de5fa,
        type: 2}
      propertyPath: m_LocalRotation.w
      value: 1
      objectReference: {fileID: 0}
    - target: {fileID: 224000012964860362, guid: 39b3696ceaf8f444788e2de7ae0de5fa,
        type: 2}
      propertyPath: m_LocalEulerAnglesHint.x
      value: 0
      objectReference: {fileID: 0}
    - target: {fileID: 58000011278732426, guid: 39b3696ceaf8f444788e2de7ae0de5fa,
        type: 2}
      propertyPath: m_Enabled
      value: 0
      objectReference: {fileID: 0}
    - target: {fileID: 58000011278732426, guid: 39b3696ceaf8f444788e2de7ae0de5fa,
        type: 2}
      propertyPath: m_IsTrigger
      value: 0
      objectReference: {fileID: 0}
    m_RemovedComponents: []
  m_ParentPrefab: {fileID: 100100000, guid: 39b3696ceaf8f444788e2de7ae0de5fa, type: 2}
  m_IsPrefabParent: 0
--- !u!4 &2071742251 stripped
Transform:
  m_PrefabParentObject: {fileID: 4000014084745804, guid: cfe61e7c5f0cfd6479bc85d00bb0ccab,
    type: 2}
  m_PrefabInternal: {fileID: 680488485}
--- !u!1 &2144600705
GameObject:
  m_ObjectHideFlags: 0
  m_PrefabParentObject: {fileID: 0}
  m_PrefabInternal: {fileID: 0}
  serializedVersion: 4
  m_Component:
  - 4: {fileID: 2144600708}
  - 114: {fileID: 2144600707}
  - 114: {fileID: 2144600706}
  m_Layer: 0
  m_Name: EventSystem
  m_TagString: Untagged
  m_Icon: {fileID: 0}
  m_NavMeshLayer: 0
  m_StaticEditorFlags: 0
  m_IsActive: 1
--- !u!114 &2144600706
MonoBehaviour:
  m_ObjectHideFlags: 0
  m_PrefabParentObject: {fileID: 0}
  m_PrefabInternal: {fileID: 0}
  m_GameObject: {fileID: 2144600705}
  m_Enabled: 1
  m_EditorHideFlags: 0
  m_Script: {fileID: 1077351063, guid: f5f67c52d1564df4a8936ccd202a3bd8, type: 3}
  m_Name: 
  m_EditorClassIdentifier: 
  m_HorizontalAxis: Horizontal
  m_VerticalAxis: Vertical
  m_SubmitButton: Submit
  m_CancelButton: Cancel
  m_InputActionsPerSecond: 10
  m_RepeatDelay: 0.5
  m_ForceModuleActive: 0
--- !u!114 &2144600707
MonoBehaviour:
  m_ObjectHideFlags: 0
  m_PrefabParentObject: {fileID: 0}
  m_PrefabInternal: {fileID: 0}
  m_GameObject: {fileID: 2144600705}
  m_Enabled: 1
  m_EditorHideFlags: 0
  m_Script: {fileID: -619905303, guid: f5f67c52d1564df4a8936ccd202a3bd8, type: 3}
  m_Name: 
  m_EditorClassIdentifier: 
  m_FirstSelected: {fileID: 0}
  m_sendNavigationEvents: 1
  m_DragThreshold: 5
--- !u!4 &2144600708
Transform:
  m_ObjectHideFlags: 0
  m_PrefabParentObject: {fileID: 0}
  m_PrefabInternal: {fileID: 0}
  m_GameObject: {fileID: 2144600705}
  m_LocalRotation: {x: 0, y: 0, z: 0, w: 1}
  m_LocalPosition: {x: 0, y: 0, z: 0}
  m_LocalScale: {x: 1, y: 1, z: 1}
  m_LocalEulerAnglesHint: {x: 0, y: 0, z: 0}
  m_Children: []
  m_Father: {fileID: 0}
  m_RootOrder: 13
